%% This BibTeX bibliography file was created using BibDesk.
%% http://bibdesk.sourceforge.net/

%% Created for Marcel Ruland at 2018-02-15 23:09:45 +0100 


%% Saved with string encoding Unicode (UTF-8) 



@article{rohlfing18,
	Author = {Rohlfing, Katharina and Leonardi, Giuseppe and H{\"u}llermeier, Eyke and Raczaszek-Leonardi, Johanna and Nomikou, Iris},
	Date-Added = {2018-02-15 22:05:45 +0000},
	Date-Modified = {2018-02-15 22:09:42 +0000},
	Journal = {IEEE Transactions on Cognitive and Developmental Systems},
	Title = {Multimodal turn-taking: Motivations, methodical challenges and first approaches},
	Year = {forthcoming}}
