%% This BibTeX bibliography file was created using BibDesk.
%% http://bibdesk.sourceforge.net/

%% Created for Marcel Ruland at 2018-06-01 07:33:15 +0200 


%% Saved with string encoding Unicode (UTF-8) 



@article{neyman33,
	Author = {Neyman, J. and Pearson, E.~S.},
	Date-Added = {2018-06-01 05:27:17 +0000},
	Date-Modified = {2018-06-01 05:33:03 +0000},
	Journal = {Philos Trans R Soc Lond Ser A},
	Keywords = {statistics},
	Pages = {289---337},
	Title = {On the problem of the most efficient tests of statistical hypotheses},
	Volume = {231},
	Year = {1933}}

@article{nomikou11,
	Author = {Nomikou, Iris and Rohlfing, Katharina J.},
	Date-Added = {2018-05-29 19:59:34 +0000},
	Date-Modified = {2018-05-29 19:59:55 +0000},
	Journal = {IEEE Transactions on Autonomous Mental Development},
	Keywords = {method},
	Number = {2},
	Pages = {113--128},
	Publisher = {IEEE},
	Title = {Language does something: Body action and language in maternal input to three-month-olds},
	Volume = {3},
	Year = {2011},
	Bdsk-File-1 = {YnBsaXN0MDDUAQIDBAUGJCVYJHZlcnNpb25YJG9iamVjdHNZJGFyY2hpdmVyVCR0b3ASAAGGoKgHCBMUFRYaIVUkbnVsbNMJCgsMDxJXTlMua2V5c1pOUy5vYmplY3RzViRjbGFzc6INDoACgAOiEBGABIAFgAdccmVsYXRpdmVQYXRoWWFsaWFzRGF0YV8QQS4uLy4uL2xpdGVyYXR1cmUvbWV0aG9kL25vbWlrb3VfMjAxMV9sYW5ndWFnZXNfZG9lc19zb21ldGhpbmcucGRm0hcLGBlXTlMuZGF0YU8RAiQAAAAAAiQAAgAADE1hY2ludG9zaCBIRAAAAAAAAAAAAAAAAAAAAAAAAABCRAAB/////x9ub21pa291XzIwMTFfbGFuZ3UjRkZGRkZGRkYucGRmAAAAAAAAAAAAAAAAAAAAAAAAAAAAAAAAAAAAAAAAAAD/////AAAAAAAAAAAAAAAAAAIAAwAACiBjdQAAAAAAAAAAAAAAAAAGbWV0aG9kAAIAey86VXNlcnM6bWFyY2VscnVsYW5kOkRvY3VtZW50czpzdHVkaXVtX3BhZGVyYm9ybjpCYWNoZWxvcmFyYmVpdDpsaXRlcmF0dXJlOm1ldGhvZDpub21pa291XzIwMTFfbGFuZ3VhZ2VzX2RvZXNfc29tZXRoaW5nLnBkZgAADgBUACkAbgBvAG0AaQBrAG8AdQBfADIAMAAxADEAXwBsAGEAbgBnAHUAYQBnAGUAcwBfAGQAbwBlAHMAXwBzAG8AbQBlAHQAaABpAG4AZwAuAHAAZABmAA8AGgAMAE0AYQBjAGkAbgB0AG8AcwBoACAASABEABIAeVVzZXJzL21hcmNlbHJ1bGFuZC9Eb2N1bWVudHMvc3R1ZGl1bV9wYWRlcmJvcm4vQmFjaGVsb3JhcmJlaXQvbGl0ZXJhdHVyZS9tZXRob2Qvbm9taWtvdV8yMDExX2xhbmd1YWdlc19kb2VzX3NvbWV0aGluZy5wZGYAABMAAS8AABUAAgAT//8AAIAG0hscHR5aJGNsYXNzbmFtZVgkY2xhc3Nlc11OU011dGFibGVEYXRhox0fIFZOU0RhdGFYTlNPYmplY3TSGxwiI1xOU0RpY3Rpb25hcnmiIiBfEA9OU0tleWVkQXJjaGl2ZXLRJidUcm9vdIABAAgAEQAaACMALQAyADcAQABGAE0AVQBgAGcAagBsAG4AcQBzAHUAdwCEAI4A0gDXAN8DBwMJAw4DGQMiAzADNAM7A0QDSQNWA1kDawNuA3MAAAAAAAACAQAAAAAAAAAoAAAAAAAAAAAAAAAAAAADdQ==}}

@article{nomikou17,
	Author = {Nomikou, Iris and Koke, Monique and Rohlfing, Katharina J.},
	Date-Added = {2018-05-29 18:37:20 +0000},
	Date-Modified = {2018-05-29 19:35:38 +0000},
	Journal = {Brain sciences},
	Keywords = {method},
	Number = {5},
	Pages = {52},
	Publisher = {Multidisciplinary Digital Publishing Institute},
	Title = {Verbs in mothers' input to six-month-olds: Synchrony between presentation, meaning, and actions is related to later verb acquisition},
	Volume = {7},
	Year = {2017},
	Bdsk-File-1 = {YnBsaXN0MDDUAQIDBAUGJCVYJHZlcnNpb25YJG9iamVjdHNZJGFyY2hpdmVyVCR0b3ASAAGGoKgHCBMUFRYaIVUkbnVsbNMJCgsMDxJXTlMua2V5c1pOUy5vYmplY3RzViRjbGFzc6INDoACgAOiEBGABIAFgAdccmVsYXRpdmVQYXRoWWFsaWFzRGF0YV8QUS4uLy4uL2xpdGVyYXR1cmUvbWV0aG9kL25vbWlrb3VfMjAxN192ZXJic19pbl9tb3RoZXJzX2lucHV0X3RvX3NpeF9tb250aF9vbGRzLnBkZtIXCxgZV05TLmRhdGFPEQJkAAAAAAJkAAIAAAxNYWNpbnRvc2ggSEQAAAAAAAAAAAAAAAAAAAAAAAAAQkQAAf////8fbm9taWtvdV8yMDE3X3ZlcmJzI0ZGRkZGRkZGLnBkZgAAAAAAAAAAAAAAAAAAAAAAAAAAAAAAAAAAAAAAAAAA/////wAAAAAAAAAAAAAAAAACAAMAAAogY3UAAAAAAAAAAAAAAAAABm1ldGhvZAACAIsvOlVzZXJzOm1hcmNlbHJ1bGFuZDpEb2N1bWVudHM6c3R1ZGl1bV9wYWRlcmJvcm46QmFjaGVsb3JhcmJlaXQ6bGl0ZXJhdHVyZTptZXRob2Q6bm9taWtvdV8yMDE3X3ZlcmJzX2luX21vdGhlcnNfaW5wdXRfdG9fc2l4X21vbnRoX29sZHMucGRmAAAOAHQAOQBuAG8AbQBpAGsAbwB1AF8AMgAwADEANwBfAHYAZQByAGIAcwBfAGkAbgBfAG0AbwB0AGgAZQByAHMAXwBpAG4AcAB1AHQAXwB0AG8AXwBzAGkAeABfAG0AbwBuAHQAaABfAG8AbABkAHMALgBwAGQAZgAPABoADABNAGEAYwBpAG4AdABvAHMAaAAgAEgARAASAIlVc2Vycy9tYXJjZWxydWxhbmQvRG9jdW1lbnRzL3N0dWRpdW1fcGFkZXJib3JuL0JhY2hlbG9yYXJiZWl0L2xpdGVyYXR1cmUvbWV0aG9kL25vbWlrb3VfMjAxN192ZXJic19pbl9tb3RoZXJzX2lucHV0X3RvX3NpeF9tb250aF9vbGRzLnBkZgAAEwABLwAAFQACABP//wAAgAbSGxwdHlokY2xhc3NuYW1lWCRjbGFzc2VzXU5TTXV0YWJsZURhdGGjHR8gVk5TRGF0YVhOU09iamVjdNIbHCIjXE5TRGljdGlvbmFyeaIiIF8QD05TS2V5ZWRBcmNoaXZlctEmJ1Ryb290gAEACAARABoAIwAtADIANwBAAEYATQBVAGAAZwBqAGwAbgBxAHMAdQB3AIQAjgDiAOcA7wNXA1kDXgNpA3IDgAOEA4sDlAOZA6YDqQO7A74DwwAAAAAAAAIBAAAAAAAAACgAAAAAAAAAAAAAAAAAAAPF}}

@book{goerne06,
	Author = {G\"orne, Thomas},
	Date-Added = {2018-05-29 11:15:30 +0000},
	Date-Modified = {2018-05-29 11:16:36 +0000},
	Keywords = {reaction time},
	Publisher = {M\"unchen, Wien: Carl Hanser Verlag},
	Title = {Tontechnik},
	Year = {2006}}

@article{stelmack93,
	Author = {Stelmack, Robert M. and Houlihan, Michael and McGarry-Roberts, Patricia A.},
	Date-Added = {2018-05-29 09:10:04 +0000},
	Date-Modified = {2018-05-29 09:11:03 +0000},
	Journal = {Journal of Personality and Social Psychology},
	Keywords = {reaction time},
	Number = {2},
	Pages = {399},
	Publisher = {US: American Psychological Association},
	Title = {Personality, reaction time, and event-related potentials.},
	Volume = {65},
	Year = {1993},
	Bdsk-File-1 = {YnBsaXN0MDDUAQIDBAUGJCVYJHZlcnNpb25YJG9iamVjdHNZJGFyY2hpdmVyVCR0b3ASAAGGoKgHCBMUFRYaIVUkbnVsbNMJCgsMDxJXTlMua2V5c1pOUy5vYmplY3RzViRjbGFzc6INDoACgAOiEBGABIAFgAdccmVsYXRpdmVQYXRoWWFsaWFzRGF0YV8QZy4uLy4uL2xpdGVyYXR1cmUvcmVhY3Rpb25fdGltZS9zdGVsbWFja18xOTkzX3BlcnNvbmFsaXR5X3JlYWN0aW9uX3RpbWVfYW5kX2V2ZW50LXJlbGF0ZWRfcG90ZW50aWFscy5wZGbSFwsYGVdOUy5kYXRhTxECtgAAAAACtgACAAAMTWFjaW50b3NoIEhEAAAAAAAAAAAAAAAAAAAAAAAAAEJEAAH/////H3N0ZWxtYWNrXzE5OTNfcGVycyNGRkZGRkZGRi5wZGYAAAAAAAAAAAAAAAAAAAAAAAAAAAAAAAAAAAAAAAAAAP////8AAAAAAAAAAAAAAAAAAgADAAAKIGN1AAAAAAAAAAAAAAAAAA1yZWFjdGlvbl90aW1lAAACAKEvOlVzZXJzOm1hcmNlbHJ1bGFuZDpEb2N1bWVudHM6c3R1ZGl1bV9wYWRlcmJvcm46QmFjaGVsb3JhcmJlaXQ6bGl0ZXJhdHVyZTpyZWFjdGlvbl90aW1lOnN0ZWxtYWNrXzE5OTNfcGVyc29uYWxpdHlfcmVhY3Rpb25fdGltZV9hbmRfZXZlbnQtcmVsYXRlZF9wb3RlbnRpYWxzLnBkZgAADgCSAEgAcwB0AGUAbABtAGEAYwBrAF8AMQA5ADkAMwBfAHAAZQByAHMAbwBuAGEAbABpAHQAeQBfAHIAZQBhAGMAdABpAG8AbgBfAHQAaQBtAGUAXwBhAG4AZABfAGUAdgBlAG4AdAAtAHIAZQBsAGEAdABlAGQAXwBwAG8AdABlAG4AdABpAGEAbABzAC4AcABkAGYADwAaAAwATQBhAGMAaQBuAHQAbwBzAGgAIABIAEQAEgCfVXNlcnMvbWFyY2VscnVsYW5kL0RvY3VtZW50cy9zdHVkaXVtX3BhZGVyYm9ybi9CYWNoZWxvcmFyYmVpdC9saXRlcmF0dXJlL3JlYWN0aW9uX3RpbWUvc3RlbG1hY2tfMTk5M19wZXJzb25hbGl0eV9yZWFjdGlvbl90aW1lX2FuZF9ldmVudC1yZWxhdGVkX3BvdGVudGlhbHMucGRmAAATAAEvAAAVAAIAE///AACABtIbHB0eWiRjbGFzc25hbWVYJGNsYXNzZXNdTlNNdXRhYmxlRGF0YaMdHyBWTlNEYXRhWE5TT2JqZWN00hscIiNcTlNEaWN0aW9uYXJ5oiIgXxAPTlNLZXllZEFyY2hpdmVy0SYnVHJvb3SAAQAIABEAGgAjAC0AMgA3AEAARgBNAFUAYABnAGoAbABuAHEAcwB1AHcAhACOAPgA/QEFA78DwQPGA9ED2gPoA+wD8wP8BAEEDgQRBCMEJgQrAAAAAAAAAgEAAAAAAAAAKAAAAAAAAAAAAAAAAAAABC0=}}

@article{dane03,
	Author = {Dane, Senol and Erzurumluoglu, Ali},
	Date-Added = {2018-05-29 09:02:03 +0000},
	Date-Modified = {2018-05-29 09:03:29 +0000},
	Journal = {International Journal of Neuroscience},
	Keywords = {reaction time},
	Number = {7},
	Pages = {923--929},
	Publisher = {Taylor \& Francis},
	Title = {Sex and handedness differences in eye-hand visual reaction times in handball players},
	Volume = {113},
	Year = {2003},
	Bdsk-File-1 = {YnBsaXN0MDDUAQIDBAUGJCVYJHZlcnNpb25YJG9iamVjdHNZJGFyY2hpdmVyVCR0b3ASAAGGoKgHCBMUFRYaIVUkbnVsbNMJCgsMDxJXTlMua2V5c1pOUy5vYmplY3RzViRjbGFzc6INDoACgAOiEBGABIAFgAdccmVsYXRpdmVQYXRoWWFsaWFzRGF0YV8QSy4uLy4uL2xpdGVyYXR1cmUvcmVhY3Rpb25fdGltZS9kYW5lXzIwMDlfc2V4X2FuZF9oYW5kZWRuZXNzX2RpZmZlcmVuY2VzLnBkZtIXCxgZV05TLmRhdGFPEQJGAAAAAAJGAAIAAAxNYWNpbnRvc2ggSEQAAAAAAAAAAAAAAAAAAAAAAAAAQkQAAf////8fZGFuZV8yMDA5X3NleF9hbmRfI0ZGRkZGRkZGLnBkZgAAAAAAAAAAAAAAAAAAAAAAAAAAAAAAAAAAAAAAAAAA/////wAAAAAAAAAAAAAAAAACAAMAAAogY3UAAAAAAAAAAAAAAAAADXJlYWN0aW9uX3RpbWUAAAIAhS86VXNlcnM6bWFyY2VscnVsYW5kOkRvY3VtZW50czpzdHVkaXVtX3BhZGVyYm9ybjpCYWNoZWxvcmFyYmVpdDpsaXRlcmF0dXJlOnJlYWN0aW9uX3RpbWU6ZGFuZV8yMDA5X3NleF9hbmRfaGFuZGVkbmVzc19kaWZmZXJlbmNlcy5wZGYAAA4AWgAsAGQAYQBuAGUAXwAyADAAMAA5AF8AcwBlAHgAXwBhAG4AZABfAGgAYQBuAGQAZQBkAG4AZQBzAHMAXwBkAGkAZgBmAGUAcgBlAG4AYwBlAHMALgBwAGQAZgAPABoADABNAGEAYwBpAG4AdABvAHMAaAAgAEgARAASAINVc2Vycy9tYXJjZWxydWxhbmQvRG9jdW1lbnRzL3N0dWRpdW1fcGFkZXJib3JuL0JhY2hlbG9yYXJiZWl0L2xpdGVyYXR1cmUvcmVhY3Rpb25fdGltZS9kYW5lXzIwMDlfc2V4X2FuZF9oYW5kZWRuZXNzX2RpZmZlcmVuY2VzLnBkZgAAEwABLwAAFQACABP//wAAgAbSGxwdHlokY2xhc3NuYW1lWCRjbGFzc2VzXU5TTXV0YWJsZURhdGGjHR8gVk5TRGF0YVhOU09iamVjdNIbHCIjXE5TRGljdGlvbmFyeaIiIF8QD05TS2V5ZWRBcmNoaXZlctEmJ1Ryb290gAEACAARABoAIwAtADIANwBAAEYATQBVAGAAZwBqAGwAbgBxAHMAdQB3AIQAjgDcAOEA6QMzAzUDOgNFA04DXANgA2cDcAN1A4IDhQOXA5oDnwAAAAAAAAIBAAAAAAAAACgAAAAAAAAAAAAAAAAAAAOh}}

@article{appelle74,
	Author = {Appelle, Stuart and Oswald, Lawrence E.},
	Date-Added = {2018-05-29 08:56:54 +0000},
	Date-Modified = {2018-05-30 12:29:13 +0000},
	Journal = {Perceptual and Motor Skills},
	Keywords = {reaction time},
	Pages = {1263--1268},
	Publisher = {SAGE Publications Sage CA: Los Angeles, CA},
	Title = {Simple reaction time as a function of alertness and prior mental activity},
	Volume = {38},
	Year = {1974},
	Bdsk-File-1 = {YnBsaXN0MDDUAQIDBAUGJCVYJHZlcnNpb25YJG9iamVjdHNZJGFyY2hpdmVyVCR0b3ASAAGGoKgHCBMUFRYaIVUkbnVsbNMJCgsMDxJXTlMua2V5c1pOUy5vYmplY3RzViRjbGFzc6INDoACgAOiEBGABIAFgAdccmVsYXRpdmVQYXRoWWFsaWFzRGF0YV8QeS4uLy4uL2xpdGVyYXR1cmUvcmVhY3Rpb25fdGltZS9hcHBlbGxlXzE5NzRfY2ltcGxlX3JlYWN0aW9uX3RpbWVfYXNfYV9mdW5jdGlvbl9vZl9hbGVydG5lc3NfYW5kX3ByaW9yX21lbnRhbF9hY3Rpdml0eS5wZGbSFwsYGVdOUy5kYXRhTxEC/gAAAAAC/gACAAAMTWFjaW50b3NoIEhEAAAAAAAAAAAAAAAAAAAAAAAAAEJEAAH/////H2FwcGVsbGVfMTk3NF9jaW1wbCNGRkZGRkZGRi5wZGYAAAAAAAAAAAAAAAAAAAAAAAAAAAAAAAAAAAAAAAAAAP////8AAAAAAAAAAAAAAAAAAgADAAAKIGN1AAAAAAAAAAAAAAAAAA1yZWFjdGlvbl90aW1lAAACALMvOlVzZXJzOm1hcmNlbHJ1bGFuZDpEb2N1bWVudHM6c3R1ZGl1bV9wYWRlcmJvcm46QmFjaGVsb3JhcmJlaXQ6bGl0ZXJhdHVyZTpyZWFjdGlvbl90aW1lOmFwcGVsbGVfMTk3NF9jaW1wbGVfcmVhY3Rpb25fdGltZV9hc19hX2Z1bmN0aW9uX29mX2FsZXJ0bmVzc19hbmRfcHJpb3JfbWVudGFsX2FjdGl2aXR5LnBkZgAADgC2AFoAYQBwAHAAZQBsAGwAZQBfADEAOQA3ADQAXwBjAGkAbQBwAGwAZQBfAHIAZQBhAGMAdABpAG8AbgBfAHQAaQBtAGUAXwBhAHMAXwBhAF8AZgB1AG4AYwB0AGkAbwBuAF8AbwBmAF8AYQBsAGUAcgB0AG4AZQBzAHMAXwBhAG4AZABfAHAAcgBpAG8AcgBfAG0AZQBuAHQAYQBsAF8AYQBjAHQAaQB2AGkAdAB5AC4AcABkAGYADwAaAAwATQBhAGMAaQBuAHQAbwBzAGgAIABIAEQAEgCxVXNlcnMvbWFyY2VscnVsYW5kL0RvY3VtZW50cy9zdHVkaXVtX3BhZGVyYm9ybi9CYWNoZWxvcmFyYmVpdC9saXRlcmF0dXJlL3JlYWN0aW9uX3RpbWUvYXBwZWxsZV8xOTc0X2NpbXBsZV9yZWFjdGlvbl90aW1lX2FzX2FfZnVuY3Rpb25fb2ZfYWxlcnRuZXNzX2FuZF9wcmlvcl9tZW50YWxfYWN0aXZpdHkucGRmAAATAAEvAAAVAAIAE///AACABtIbHB0eWiRjbGFzc25hbWVYJGNsYXNzZXNdTlNNdXRhYmxlRGF0YaMdHyBWTlNEYXRhWE5TT2JqZWN00hscIiNcTlNEaWN0aW9uYXJ5oiIgXxAPTlNLZXllZEFyY2hpdmVy0SYnVHJvb3SAAQAIABEAGgAjAC0AMgA3AEAARgBNAFUAYABnAGoAbABuAHEAcwB1AHcAhACOAQoBDwEXBBkEGwQgBCsENARCBEYETQRWBFsEaARrBH0EgASFAAAAAAAAAgEAAAAAAAAAKAAAAAAAAAAAAAAAAAAABIc=}}

@article{der06,
	Abstract = {[Correction Notice: An erratum for this article was reported in Vol 24(1) of Psychology and Aging (see record 2009-03151-017). In the article, ``Age and Sex Differences in Reaction Time in Adulthood: Results From the United Kingdom Health and Lifestyle Survey'' by Geoff Der and Ian J. Deary (Psychology and Aging, Vol. 21, No. 1, pp. 62--73), the link to supplemental material is incorrect. The correct supplemental link follows. Supplemental materials are available online at http://dx.doi.org/10.1037/0882-7974.21.1.62.supp.] Reaction times (RTs) slow and become more variable with age. Research samples are typically small, biased, and of restricted age range. Consequently, little is known about the precise pattern of change, whereas evidence for sex differences is equivocal. The authors reanalyzed data for 7,130 adult participants in the United Kingdom Health and Lifestyle Survey, originally reported by F. A. Huppert (1987). The authors modeled the age differences in simple and 4-choice reaction time means and variabilities and tested for sex differences. Simple RT shows little slowing until around 50, whereas choice RT slows throughout the adult age range. The aging of choice RT variability is a function of its mean and the error rate. There are significant sex differences, most notably for choice RT variability. (PsycINFO Database Record (c) 2016 APA, all rights reserved)},
	Author = {Der, Geoff and Deary, Ian J},
	Date-Added = {2018-05-29 08:52:05 +0000},
	Date-Modified = {2018-05-29 08:54:13 +0000},
	Journal = {Psychology and Aging},
	Keywords = {reaction time},
	Number = {1},
	Pages = {62},
	Publisher = {American Psychological Association},
	Title = {Age and sex differences in reaction time in adulthood: Results from the United Kingdom Health and Lifestyle Survey.},
	Volume = {21},
	Year = {2006}}

@incollection{brebner80,
	Author = {Brebner, J.~T. and Welford, A.~T.},
	Booktitle = {Reaction Times},
	Date-Added = {2018-05-28 11:33:47 +0000},
	Date-Modified = {2018-05-29 08:15:52 +0000},
	Editor = {Welford, A.~T. and Brebner, J.~T.},
	Keywords = {reaction time},
	Pages = {1--23},
	Publisher = {London: Academic Press},
	Title = {Introduction: An historical background sketch},
	Year = {1980}}

@book{luce86,
	Author = {Luce, R. Duncan},
	Date-Added = {2018-05-28 09:56:09 +0000},
	Date-Modified = {2018-05-28 11:24:33 +0000},
	Keywords = {reaction time},
	Number = {8},
	Publisher = {Oxford University Press on Demand},
	Title = {Response times: Their role in inferring elementary mental organization},
	Year = {1986}}

@book{laming68,
	Author = {Laming, Donald},
	Date-Added = {2018-05-28 09:54:38 +0000},
	Date-Modified = {2018-05-28 09:55:09 +0000},
	Keywords = {reaction time},
	Publisher = {London: Academic Press},
	Title = {Information theory of choice reaction times},
	Year = {1968}}

@book{welford80,
	Date-Added = {2018-05-28 09:53:30 +0000},
	Date-Modified = {2018-05-28 11:32:00 +0000},
	Editor = {Welford, Alan T. and Brebner, John M.~T.},
	Isbn = {0-12-742880-1},
	Keywords = {reaction time},
	Publisher = {London: Academic Press},
	Title = {Reaction Times},
	Year = {1980}}

@article{teichner74,
	Author = {Teichner, Warren H. and Krebs, Marjorie J.},
	Date-Added = {2018-05-28 09:51:29 +0000},
	Date-Modified = {2018-05-28 09:52:05 +0000},
	Journal = {Psychological Review},
	Keywords = {reaction time},
	Number = {1},
	Pages = {75},
	Publisher = {American Psychological Association},
	Title = {Laws of visual choice reaction time},
	Volume = {81},
	Year = {1974}}

@article{teichner72,
	Author = {Teichner, Warren H. and Krebs, Marjorie J.},
	Date-Added = {2018-05-28 09:50:45 +0000},
	Date-Modified = {2018-05-28 09:51:42 +0000},
	Journal = {Psychological Review},
	Keywords = {reaction time},
	Number = {4},
	Pages = {344},
	Publisher = {American Psychological Association},
	Title = {Laws of the simple visual reaction time},
	Volume = {79},
	Year = {1972}}

@article{mitchell02,
	Author = {Mitchell, Mark},
	Date-Added = {2018-05-28 09:12:10 +0000},
	Date-Modified = {2018-05-30 12:21:35 +0000},
	Journal = {A free open-source software to extract data points from a graph image. Hosted at: \url{http://digitizer.sourceforge.net}},
	Keywords = {software},
	Title = {Engauge Digitizer},
	Year = {2002}}

@article{clarkson85,
	Author = {Clarkson, M.G. and Clifton, R.K.},
	Date-Added = {2018-05-24 12:05:51 +0000},
	Date-Modified = {2018-05-28 11:24:45 +0000},
	Journal = {The Journal of the Acoustical Society of America},
	Keywords = {reaction time},
	Number = {4},
	Pages = {1521--1528},
	Title = {Infant pitch perception: Evidence for responding to pitch categories and the missing fundamental},
	Volume = {77},
	Year = {1985}}

@article{clarkson88,
	Author = {Clarkson, M.G. and Clifton, R.K. and Perris, E.E.},
	Date-Added = {2018-05-24 11:43:26 +0000},
	Date-Modified = {2018-05-28 09:50:16 +0000},
	Journal = {Perception & Psychophysics},
	Keywords = {reaction time},
	Number = {1},
	Pages = {15--20},
	Title = {Infant timbre perception: Discrimination of spectral envelopes},
	Volume = {43},
	Year = {1988}}

@article{leibold02,
	Author = {Leibold, Lori J. and Werner, Lynne A.},
	Date-Added = {2018-05-23 14:19:45 +0000},
	Date-Modified = {2018-05-24 11:36:10 +0000},
	Journal = {Ear \& Hearing},
	Keywords = {reaction time},
	Number = {2},
	Pages = {92--97},
	Title = {Relationship between intensity and reaction time in normal-hearing infants and adults},
	Volume = {23},
	Year = {2002},
	Bdsk-File-1 = {YnBsaXN0MDDUAQIDBAUGJCVYJHZlcnNpb25YJG9iamVjdHNZJGFyY2hpdmVyVCR0b3ASAAGGoKgHCBMUFRYaIVUkbnVsbNMJCgsMDxJXTlMua2V5c1pOUy5vYmplY3RzViRjbGFzc6INDoACgAOiEBGABIAFgAdccmVsYXRpdmVQYXRoWWFsaWFzRGF0YV8QhS4uLy4uL2xpdGVyYXR1cmUvcmVhY3Rpb25fdGltZS9sZWlib2xkXzIwMDJfcmVsYXRpb25zaGlwX2JldHdlZW5faW50ZW5zaXR5X2FuZF9yZWFjdGlvbl90aW1lX2luX25vcm1hbC1oZWFyaW5nX2luZmFudHNfYW5kX2FkdWx0cy5wZGbSFwsYGVdOUy5kYXRhTxEDLgAAAAADLgACAAAMTWFjaW50b3NoIEhEAAAAAAAAAAAAAAAAAAAAAAAAAEJEAAH/////H2xlaWJvbGRfMjAwMl9yZWxhdCNGRkZGRkZGRi5wZGYAAAAAAAAAAAAAAAAAAAAAAAAAAAAAAAAAAAAAAAAAAP////8AAAAAAAAAAAAAAAAAAgADAAAKIGN1AAAAAAAAAAAAAAAAAA1yZWFjdGlvbl90aW1lAAACAL8vOlVzZXJzOm1hcmNlbHJ1bGFuZDpEb2N1bWVudHM6c3R1ZGl1bV9wYWRlcmJvcm46QmFjaGVsb3JhcmJlaXQ6bGl0ZXJhdHVyZTpyZWFjdGlvbl90aW1lOmxlaWJvbGRfMjAwMl9yZWxhdGlvbnNoaXBfYmV0d2Vlbl9pbnRlbnNpdHlfYW5kX3JlYWN0aW9uX3RpbWVfaW5fbm9ybWFsLWhlYXJpbmdfaW5mYW50c19hbmRfYWR1bHRzLnBkZgAADgDOAGYAbABlAGkAYgBvAGwAZABfADIAMAAwADIAXwByAGUAbABhAHQAaQBvAG4AcwBoAGkAcABfAGIAZQB0AHcAZQBlAG4AXwBpAG4AdABlAG4AcwBpAHQAeQBfAGEAbgBkAF8AcgBlAGEAYwB0AGkAbwBuAF8AdABpAG0AZQBfAGkAbgBfAG4AbwByAG0AYQBsAC0AaABlAGEAcgBpAG4AZwBfAGkAbgBmAGEAbgB0AHMAXwBhAG4AZABfAGEAZAB1AGwAdABzAC4AcABkAGYADwAaAAwATQBhAGMAaQBuAHQAbwBzAGgAIABIAEQAEgC9VXNlcnMvbWFyY2VscnVsYW5kL0RvY3VtZW50cy9zdHVkaXVtX3BhZGVyYm9ybi9CYWNoZWxvcmFyYmVpdC9saXRlcmF0dXJlL3JlYWN0aW9uX3RpbWUvbGVpYm9sZF8yMDAyX3JlbGF0aW9uc2hpcF9iZXR3ZWVuX2ludGVuc2l0eV9hbmRfcmVhY3Rpb25fdGltZV9pbl9ub3JtYWwtaGVhcmluZ19pbmZhbnRzX2FuZF9hZHVsdHMucGRmAAATAAEvAAAVAAIAE///AACABtIbHB0eWiRjbGFzc25hbWVYJGNsYXNzZXNdTlNNdXRhYmxlRGF0YaMdHyBWTlNEYXRhWE5TT2JqZWN00hscIiNcTlNEaWN0aW9uYXJ5oiIgXxAPTlNLZXllZEFyY2hpdmVy0SYnVHJvb3SAAQAIABEAGgAjAC0AMgA3AEAARgBNAFUAYABnAGoAbABuAHEAcwB1AHcAhACOARYBGwEjBFUEVwRcBGcEcAR+BIIEiQSSBJcEpASnBLkEvATBAAAAAAAAAgEAAAAAAAAAKAAAAAAAAAAAAAAAAAAABMM=}}

@article{agrawal93,
	Annote = {first mention of frequent pattern mining},
	Author = {Agrawal, R. and Imielinski, T. and Swami, A.},
	Date-Added = {2018-05-15 06:01:17 +0000},
	Date-Modified = {2018-05-15 06:02:04 +0000},
	Journal = {Proceedings of the 1993 ACM-SIGMOD international conference on management of data (SIGMOD'93)},
	Keywords = {mining},
	Pages = {207---216},
	Title = {Mining association rules between sets of items in large databases},
	Year = {1993}}

@book{moore16,
	Author = {Moore, David S. and McCabe, George P. and Craig, Bruce A.},
	Date-Added = {2018-05-13 09:33:40 +0000},
	Date-Modified = {2018-05-18 21:00:43 +0000},
	Edition = {9},
	Keywords = {statistics},
	Publisher = {New York : Macmillan Education},
	Title = {Introduction to the practice of statistics},
	Year = {2016},
	Bdsk-File-1 = {YnBsaXN0MDDUAQIDBAUGJCVYJHZlcnNpb25YJG9iamVjdHNZJGFyY2hpdmVyVCR0b3ASAAGGoKgHCBMUFRYaIVUkbnVsbNMJCgsMDxJXTlMua2V5c1pOUy5vYmplY3RzViRjbGFzc6INDoACgAOiEBGABIAFgAdccmVsYXRpdmVQYXRoWWFsaWFzRGF0YV8Qbi4uLy4uL2xpdGVyYXR1cmUvc3RhdGlzdGljcy9tb29yZV9ldF9hbF8yMDE2X2ludHJvZHVjdGlvbl90b190aGVfcHJhY3RpY2Vfb2Zfc3RhdGlzdGljcy9jb21wYW5pb25jaGFwdGVyMTQucGRm0hcLGBlXTlMuZGF0YU8RAnAAAAAAAnAAAgAADE1hY2ludG9zaCBIRAAAAAAAAAAAAAAAAAAAAAAAAABCRAAB/////xZjb21wYW5pb25jaGFwdGVyMTQucGRmAAAAAAAAAAAAAAAAAAAAAAAAAAAAAAAAAAAAAAAAAAAAAAAAAAAAAAD/////AAAAAAAAAAAAAAAAAAIABAAACiBjdQAAAAAAAAAAAAAAAAAfbW9vcmVfZXRfYWxfMjAxNl9pbnRyb2R1Y3RpIzM5QwAAAgCoLzpVc2VyczptYXJjZWxydWxhbmQ6RG9jdW1lbnRzOnN0dWRpdW1fcGFkZXJib3JuOkJhY2hlbG9yYXJiZWl0OmxpdGVyYXR1cmU6c3RhdGlzdGljczptb29yZV9ldF9hbF8yMDE2X2ludHJvZHVjdGlvbl90b190aGVfcHJhY3RpY2Vfb2Zfc3RhdGlzdGljczpjb21wYW5pb25jaGFwdGVyMTQucGRmAA4ALgAWAGMAbwBtAHAAYQBuAGkAbwBuAGMAaABhAHAAdABlAHIAMQA0AC4AcABkAGYADwAaAAwATQBhAGMAaQBuAHQAbwBzAGgAIABIAEQAEgCmVXNlcnMvbWFyY2VscnVsYW5kL0RvY3VtZW50cy9zdHVkaXVtX3BhZGVyYm9ybi9CYWNoZWxvcmFyYmVpdC9saXRlcmF0dXJlL3N0YXRpc3RpY3MvbW9vcmVfZXRfYWxfMjAxNl9pbnRyb2R1Y3Rpb25fdG9fdGhlX3ByYWN0aWNlX29mX3N0YXRpc3RpY3MvY29tcGFuaW9uY2hhcHRlcjE0LnBkZgATAAEvAAAVAAIAE///AACABtIbHB0eWiRjbGFzc25hbWVYJGNsYXNzZXNdTlNNdXRhYmxlRGF0YaMdHyBWTlNEYXRhWE5TT2JqZWN00hscIiNcTlNEaWN0aW9uYXJ5oiIgXxAPTlNLZXllZEFyY2hpdmVy0SYnVHJvb3SAAQAIABEAGgAjAC0AMgA3AEAARgBNAFUAYABnAGoAbABuAHEAcwB1AHcAhACOAP8BBAEMA4ADggOHA5IDmwOpA60DtAO9A8IDzwPSA+QD5wPsAAAAAAAAAgEAAAAAAAAAKAAAAAAAAAAAAAAAAAAAA+4=},
	Bdsk-File-2 = {YnBsaXN0MDDUAQIDBAUGJCVYJHZlcnNpb25YJG9iamVjdHNZJGFyY2hpdmVyVCR0b3ASAAGGoKgHCBMUFRYaIVUkbnVsbNMJCgsMDxJXTlMua2V5c1pOUy5vYmplY3RzViRjbGFzc6INDoACgAOiEBGABIAFgAdccmVsYXRpdmVQYXRoWWFsaWFzRGF0YV8Qbi4uLy4uL2xpdGVyYXR1cmUvc3RhdGlzdGljcy9tb29yZV9ldF9hbF8yMDE2X2ludHJvZHVjdGlvbl90b190aGVfcHJhY3RpY2Vfb2Zfc3RhdGlzdGljcy9jb21wYW5pb25jaGFwdGVyMTUucGRm0hcLGBlXTlMuZGF0YU8RAnAAAAAAAnAAAgAADE1hY2ludG9zaCBIRAAAAAAAAAAAAAAAAAAAAAAAAABCRAAB/////xZjb21wYW5pb25jaGFwdGVyMTUucGRmAAAAAAAAAAAAAAAAAAAAAAAAAAAAAAAAAAAAAAAAAAAAAAAAAAAAAAD/////AAAAAAAAAAAAAAAAAAIABAAACiBjdQAAAAAAAAAAAAAAAAAfbW9vcmVfZXRfYWxfMjAxNl9pbnRyb2R1Y3RpIzM5QwAAAgCoLzpVc2VyczptYXJjZWxydWxhbmQ6RG9jdW1lbnRzOnN0dWRpdW1fcGFkZXJib3JuOkJhY2hlbG9yYXJiZWl0OmxpdGVyYXR1cmU6c3RhdGlzdGljczptb29yZV9ldF9hbF8yMDE2X2ludHJvZHVjdGlvbl90b190aGVfcHJhY3RpY2Vfb2Zfc3RhdGlzdGljczpjb21wYW5pb25jaGFwdGVyMTUucGRmAA4ALgAWAGMAbwBtAHAAYQBuAGkAbwBuAGMAaABhAHAAdABlAHIAMQA1AC4AcABkAGYADwAaAAwATQBhAGMAaQBuAHQAbwBzAGgAIABIAEQAEgCmVXNlcnMvbWFyY2VscnVsYW5kL0RvY3VtZW50cy9zdHVkaXVtX3BhZGVyYm9ybi9CYWNoZWxvcmFyYmVpdC9saXRlcmF0dXJlL3N0YXRpc3RpY3MvbW9vcmVfZXRfYWxfMjAxNl9pbnRyb2R1Y3Rpb25fdG9fdGhlX3ByYWN0aWNlX29mX3N0YXRpc3RpY3MvY29tcGFuaW9uY2hhcHRlcjE1LnBkZgATAAEvAAAVAAIAE///AACABtIbHB0eWiRjbGFzc25hbWVYJGNsYXNzZXNdTlNNdXRhYmxlRGF0YaMdHyBWTlNEYXRhWE5TT2JqZWN00hscIiNcTlNEaWN0aW9uYXJ5oiIgXxAPTlNLZXllZEFyY2hpdmVy0SYnVHJvb3SAAQAIABEAGgAjAC0AMgA3AEAARgBNAFUAYABnAGoAbABuAHEAcwB1AHcAhACOAP8BBAEMA4ADggOHA5IDmwOpA60DtAO9A8IDzwPSA+QD5wPsAAAAAAAAAgEAAAAAAAAAKAAAAAAAAAAAAAAAAAAAA+4=},
	Bdsk-File-3 = {YnBsaXN0MDDUAQIDBAUGJCVYJHZlcnNpb25YJG9iamVjdHNZJGFyY2hpdmVyVCR0b3ASAAGGoKgHCBMUFRYaIVUkbnVsbNMJCgsMDxJXTlMua2V5c1pOUy5vYmplY3RzViRjbGFzc6INDoACgAOiEBGABIAFgAdccmVsYXRpdmVQYXRoWWFsaWFzRGF0YV8Qbi4uLy4uL2xpdGVyYXR1cmUvc3RhdGlzdGljcy9tb29yZV9ldF9hbF8yMDE2X2ludHJvZHVjdGlvbl90b190aGVfcHJhY3RpY2Vfb2Zfc3RhdGlzdGljcy9jb21wYW5pb25jaGFwdGVyMTYucGRm0hcLGBlXTlMuZGF0YU8RAnAAAAAAAnAAAgAADE1hY2ludG9zaCBIRAAAAAAAAAAAAAAAAAAAAAAAAABCRAAB/////xZjb21wYW5pb25jaGFwdGVyMTYucGRmAAAAAAAAAAAAAAAAAAAAAAAAAAAAAAAAAAAAAAAAAAAAAAAAAAAAAAD/////AAAAAAAAAAAAAAAAAAIABAAACiBjdQAAAAAAAAAAAAAAAAAfbW9vcmVfZXRfYWxfMjAxNl9pbnRyb2R1Y3RpIzM5QwAAAgCoLzpVc2VyczptYXJjZWxydWxhbmQ6RG9jdW1lbnRzOnN0dWRpdW1fcGFkZXJib3JuOkJhY2hlbG9yYXJiZWl0OmxpdGVyYXR1cmU6c3RhdGlzdGljczptb29yZV9ldF9hbF8yMDE2X2ludHJvZHVjdGlvbl90b190aGVfcHJhY3RpY2Vfb2Zfc3RhdGlzdGljczpjb21wYW5pb25jaGFwdGVyMTYucGRmAA4ALgAWAGMAbwBtAHAAYQBuAGkAbwBuAGMAaABhAHAAdABlAHIAMQA2AC4AcABkAGYADwAaAAwATQBhAGMAaQBuAHQAbwBzAGgAIABIAEQAEgCmVXNlcnMvbWFyY2VscnVsYW5kL0RvY3VtZW50cy9zdHVkaXVtX3BhZGVyYm9ybi9CYWNoZWxvcmFyYmVpdC9saXRlcmF0dXJlL3N0YXRpc3RpY3MvbW9vcmVfZXRfYWxfMjAxNl9pbnRyb2R1Y3Rpb25fdG9fdGhlX3ByYWN0aWNlX29mX3N0YXRpc3RpY3MvY29tcGFuaW9uY2hhcHRlcjE2LnBkZgATAAEvAAAVAAIAE///AACABtIbHB0eWiRjbGFzc25hbWVYJGNsYXNzZXNdTlNNdXRhYmxlRGF0YaMdHyBWTlNEYXRhWE5TT2JqZWN00hscIiNcTlNEaWN0aW9uYXJ5oiIgXxAPTlNLZXllZEFyY2hpdmVy0SYnVHJvb3SAAQAIABEAGgAjAC0AMgA3AEAARgBNAFUAYABnAGoAbABuAHEAcwB1AHcAhACOAP8BBAEMA4ADggOHA5IDmwOpA60DtAO9A8IDzwPSA+QD5wPsAAAAAAAAAgEAAAAAAAAAKAAAAAAAAAAAAAAAAAAAA+4=},
	Bdsk-File-4 = {YnBsaXN0MDDUAQIDBAUGJCVYJHZlcnNpb25YJG9iamVjdHNZJGFyY2hpdmVyVCR0b3ASAAGGoKgHCBMUFRYaIVUkbnVsbNMJCgsMDxJXTlMua2V5c1pOUy5vYmplY3RzViRjbGFzc6INDoACgAOiEBGABIAFgAdccmVsYXRpdmVQYXRoWWFsaWFzRGF0YV8Qbi4uLy4uL2xpdGVyYXR1cmUvc3RhdGlzdGljcy9tb29yZV9ldF9hbF8yMDE2X2ludHJvZHVjdGlvbl90b190aGVfcHJhY3RpY2Vfb2Zfc3RhdGlzdGljcy9jb21wYW5pb25jaGFwdGVyMTcucGRm0hcLGBlXTlMuZGF0YU8RAnAAAAAAAnAAAgAADE1hY2ludG9zaCBIRAAAAAAAAAAAAAAAAAAAAAAAAABCRAAB/////xZjb21wYW5pb25jaGFwdGVyMTcucGRmAAAAAAAAAAAAAAAAAAAAAAAAAAAAAAAAAAAAAAAAAAAAAAAAAAAAAAD/////AAAAAAAAAAAAAAAAAAIABAAACiBjdQAAAAAAAAAAAAAAAAAfbW9vcmVfZXRfYWxfMjAxNl9pbnRyb2R1Y3RpIzM5QwAAAgCoLzpVc2VyczptYXJjZWxydWxhbmQ6RG9jdW1lbnRzOnN0dWRpdW1fcGFkZXJib3JuOkJhY2hlbG9yYXJiZWl0OmxpdGVyYXR1cmU6c3RhdGlzdGljczptb29yZV9ldF9hbF8yMDE2X2ludHJvZHVjdGlvbl90b190aGVfcHJhY3RpY2Vfb2Zfc3RhdGlzdGljczpjb21wYW5pb25jaGFwdGVyMTcucGRmAA4ALgAWAGMAbwBtAHAAYQBuAGkAbwBuAGMAaABhAHAAdABlAHIAMQA3AC4AcABkAGYADwAaAAwATQBhAGMAaQBuAHQAbwBzAGgAIABIAEQAEgCmVXNlcnMvbWFyY2VscnVsYW5kL0RvY3VtZW50cy9zdHVkaXVtX3BhZGVyYm9ybi9CYWNoZWxvcmFyYmVpdC9saXRlcmF0dXJlL3N0YXRpc3RpY3MvbW9vcmVfZXRfYWxfMjAxNl9pbnRyb2R1Y3Rpb25fdG9fdGhlX3ByYWN0aWNlX29mX3N0YXRpc3RpY3MvY29tcGFuaW9uY2hhcHRlcjE3LnBkZgATAAEvAAAVAAIAE///AACABtIbHB0eWiRjbGFzc25hbWVYJGNsYXNzZXNdTlNNdXRhYmxlRGF0YaMdHyBWTlNEYXRhWE5TT2JqZWN00hscIiNcTlNEaWN0aW9uYXJ5oiIgXxAPTlNLZXllZEFyY2hpdmVy0SYnVHJvb3SAAQAIABEAGgAjAC0AMgA3AEAARgBNAFUAYABnAGoAbABuAHEAcwB1AHcAhACOAP8BBAEMA4ADggOHA5IDmwOpA60DtAO9A8IDzwPSA+QD5wPsAAAAAAAAAgEAAAAAAAAAKAAAAAAAAAAAAAAAAAAAA+4=},
	Bdsk-File-5 = {YnBsaXN0MDDUAQIDBAUGJCVYJHZlcnNpb25YJG9iamVjdHNZJGFyY2hpdmVyVCR0b3ASAAGGoKgHCBMUFRYaIVUkbnVsbNMJCgsMDxJXTlMua2V5c1pOUy5vYmplY3RzViRjbGFzc6INDoACgAOiEBGABIAFgAdccmVsYXRpdmVQYXRoWWFsaWFzRGF0YV8QYi4uLy4uL2xpdGVyYXR1cmUvc3RhdGlzdGljcy9tb29yZV9ldF9hbF8yMDE2X2ludHJvZHVjdGlvbl90b190aGVfcHJhY3RpY2Vfb2Zfc3RhdGlzdGljcy90YWJsZXMucGRm0hcLGBlXTlMuZGF0YU8RAkAAAAAAAkAAAgAADE1hY2ludG9zaCBIRAAAAAAAAAAAAAAAAAAAAAAAAABCRAAB/////wp0YWJsZXMucGRmAAAAAAAAAAAAAAAAAAAAAAAAAAAAAAAAAAAAAAAAAAAAAAAAAAAAAAAAAAAAAAAAAAAAAAD/////AAAAAAAAAAAAAAAAAAIABAAACiBjdQAAAAAAAAAAAAAAAAAfbW9vcmVfZXRfYWxfMjAxNl9pbnRyb2R1Y3RpIzM5QwAAAgCcLzpVc2VyczptYXJjZWxydWxhbmQ6RG9jdW1lbnRzOnN0dWRpdW1fcGFkZXJib3JuOkJhY2hlbG9yYXJiZWl0OmxpdGVyYXR1cmU6c3RhdGlzdGljczptb29yZV9ldF9hbF8yMDE2X2ludHJvZHVjdGlvbl90b190aGVfcHJhY3RpY2Vfb2Zfc3RhdGlzdGljczp0YWJsZXMucGRmAA4AFgAKAHQAYQBiAGwAZQBzAC4AcABkAGYADwAaAAwATQBhAGMAaQBuAHQAbwBzAGgAIABIAEQAEgCaVXNlcnMvbWFyY2VscnVsYW5kL0RvY3VtZW50cy9zdHVkaXVtX3BhZGVyYm9ybi9CYWNoZWxvcmFyYmVpdC9saXRlcmF0dXJlL3N0YXRpc3RpY3MvbW9vcmVfZXRfYWxfMjAxNl9pbnRyb2R1Y3Rpb25fdG9fdGhlX3ByYWN0aWNlX29mX3N0YXRpc3RpY3MvdGFibGVzLnBkZgATAAEvAAAVAAIAE///AACABtIbHB0eWiRjbGFzc25hbWVYJGNsYXNzZXNdTlNNdXRhYmxlRGF0YaMdHyBWTlNEYXRhWE5TT2JqZWN00hscIiNcTlNEaWN0aW9uYXJ5oiIgXxAPTlNLZXllZEFyY2hpdmVy0SYnVHJvb3SAAQAIABEAGgAjAC0AMgA3AEAARgBNAFUAYABnAGoAbABuAHEAcwB1AHcAhACOAPMA+AEAA0QDRgNLA1YDXwNtA3EDeAOBA4YDkwOWA6gDqwOwAAAAAAAAAgEAAAAAAAAAKAAAAAAAAAAAAAAAAAAAA7I=}}

@book{frost17,
	Author = {Frost, Irasianty},
	Date-Added = {2018-05-13 09:29:25 +0000},
	Date-Modified = {2018-05-18 21:03:26 +0000},
	Keywords = {statistics},
	Publisher = {Wiesbaden: Springer Fachmedien},
	Read = {1},
	Title = {Statistische Testverfahren, Signifikanz und p-Werte},
	Year = {2017},
	Bdsk-File-1 = {YnBsaXN0MDDUAQIDBAUGJCVYJHZlcnNpb25YJG9iamVjdHNZJGFyY2hpdmVyVCR0b3ASAAGGoKgHCBMUFRYaIVUkbnVsbNMJCgsMDxJXTlMua2V5c1pOUy5vYmplY3RzViRjbGFzc6INDoACgAOiEBGABIAFgAdccmVsYXRpdmVQYXRoWWFsaWFzRGF0YV8QRS4uLy4uL2xpdGVyYXR1cmUvc3RhdGlzdGljcy9mcm9zdF8yMDE3X3N0YXRpc3Rpc2NoZV90ZXN0dmVyZmFocmVuLnBkZtIXCxgZV05TLmRhdGFPEQIwAAAAAAIwAAIAAAxNYWNpbnRvc2ggSEQAAAAAAAAAAAAAAAAAAAAAAAAAQkQAAf////8fZnJvc3RfMjAxN19zdGF0aXN0I0ZGRkZGRkZGLnBkZgAAAAAAAAAAAAAAAAAAAAAAAAAAAAAAAAAAAAAAAAAA/////wAAAAAAAAAAAAAAAAACAAMAAAogY3UAAAAAAAAAAAAAAAAACnN0YXRpc3RpY3MAAgB/LzpVc2VyczptYXJjZWxydWxhbmQ6RG9jdW1lbnRzOnN0dWRpdW1fcGFkZXJib3JuOkJhY2hlbG9yYXJiZWl0OmxpdGVyYXR1cmU6c3RhdGlzdGljczpmcm9zdF8yMDE3X3N0YXRpc3Rpc2NoZV90ZXN0dmVyZmFocmVuLnBkZgAADgBUACkAZgByAG8AcwB0AF8AMgAwADEANwBfAHMAdABhAHQAaQBzAHQAaQBzAGMAaABlAF8AdABlAHMAdAB2AGUAcgBmAGEAaAByAGUAbgAuAHAAZABmAA8AGgAMAE0AYQBjAGkAbgB0AG8AcwBoACAASABEABIAfVVzZXJzL21hcmNlbHJ1bGFuZC9Eb2N1bWVudHMvc3R1ZGl1bV9wYWRlcmJvcm4vQmFjaGVsb3JhcmJlaXQvbGl0ZXJhdHVyZS9zdGF0aXN0aWNzL2Zyb3N0XzIwMTdfc3RhdGlzdGlzY2hlX3Rlc3R2ZXJmYWhyZW4ucGRmAAATAAEvAAAVAAIAE///AACABtIbHB0eWiRjbGFzc25hbWVYJGNsYXNzZXNdTlNNdXRhYmxlRGF0YaMdHyBWTlNEYXRhWE5TT2JqZWN00hscIiNcTlNEaWN0aW9uYXJ5oiIgXxAPTlNLZXllZEFyY2hpdmVy0SYnVHJvb3SAAQAIABEAGgAjAC0AMgA3AEAARgBNAFUAYABnAGoAbABuAHEAcwB1AHcAhACOANYA2wDjAxcDGQMeAykDMgNAA0QDSwNUA1kDZgNpA3sDfgODAAAAAAAAAgEAAAAAAAAAKAAAAAAAAAAAAAAAAAAAA4U=}}

@article{klemettinen94,
	Author = {Klemettinen, Mika and Mannila, Heiki and Ronkainen, Pirjo and Toivonen, Hannu and Verkamo, A.~Inkeri},
	Date-Added = {2018-05-13 09:26:42 +0000},
	Date-Modified = {2018-05-18 21:03:06 +0000},
	Journal = {Proceedings of the third international conference on Information and knowledge management},
	Keywords = {mining},
	Pages = {401--407},
	Read = {1},
	Title = {Finding interesting rules from large sets of discovered association rules},
	Year = {1994},
	Bdsk-File-1 = {YnBsaXN0MDDUAQIDBAUGJCVYJHZlcnNpb25YJG9iamVjdHNZJGFyY2hpdmVyVCR0b3ASAAGGoKgHCBMUFRYaIVUkbnVsbNMJCgsMDxJXTlMua2V5c1pOUy5vYmplY3RzViRjbGFzc6INDoACgAOiEBGABIAFgAdccmVsYXRpdmVQYXRoWWFsaWFzRGF0YV8Qdy4uLy4uL2xpdGVyYXR1cmUvcGF0dGVybl9taW5pbmcva2xlbWV0dGluZW5fMTk5NF9maW5kaW5nX2ludGVyZXN0aW5nbmVzc19ydWxlc19mcm9tX2xhcmdlX3NldHNfb2ZfYXNzb2NpYXRpb25fcnVsZXMucGRm0hcLGBlXTlMuZGF0YU8RAvQAAAAAAvQAAgAADE1hY2ludG9zaCBIRAAAAAAAAAAAAAAAAAAAAAAAAABCRAAB/////x9rbGVtZXR0aW5lbl8xOTk0X2YjRkZGRkZGRkYucGRmAAAAAAAAAAAAAAAAAAAAAAAAAAAAAAAAAAAAAAAAAAD/////AAAAAAAAAAAAAAAAAAIAAwAACiBjdQAAAAAAAAAAAAAAAAAOcGF0dGVybl9taW5pbmcAAgCxLzpVc2VyczptYXJjZWxydWxhbmQ6RG9jdW1lbnRzOnN0dWRpdW1fcGFkZXJib3JuOkJhY2hlbG9yYXJiZWl0OmxpdGVyYXR1cmU6cGF0dGVybl9taW5pbmc6a2xlbWV0dGluZW5fMTk5NF9maW5kaW5nX2ludGVyZXN0aW5nbmVzc19ydWxlc19mcm9tX2xhcmdlX3NldHNfb2ZfYXNzb2NpYXRpb25fcnVsZXMucGRmAAAOALAAVwBrAGwAZQBtAGUAdAB0AGkAbgBlAG4AXwAxADkAOQA0AF8AZgBpAG4AZABpAG4AZwBfAGkAbgB0AGUAcgBlAHMAdABpAG4AZwBuAGUAcwBzAF8AcgB1AGwAZQBzAF8AZgByAG8AbQBfAGwAYQByAGcAZQBfAHMAZQB0AHMAXwBvAGYAXwBhAHMAcwBvAGMAaQBhAHQAaQBvAG4AXwByAHUAbABlAHMALgBwAGQAZgAPABoADABNAGEAYwBpAG4AdABvAHMAaAAgAEgARAASAK9Vc2Vycy9tYXJjZWxydWxhbmQvRG9jdW1lbnRzL3N0dWRpdW1fcGFkZXJib3JuL0JhY2hlbG9yYXJiZWl0L2xpdGVyYXR1cmUvcGF0dGVybl9taW5pbmcva2xlbWV0dGluZW5fMTk5NF9maW5kaW5nX2ludGVyZXN0aW5nbmVzc19ydWxlc19mcm9tX2xhcmdlX3NldHNfb2ZfYXNzb2NpYXRpb25fcnVsZXMucGRmAAATAAEvAAAVAAIAE///AACABtIbHB0eWiRjbGFzc25hbWVYJGNsYXNzZXNdTlNNdXRhYmxlRGF0YaMdHyBWTlNEYXRhWE5TT2JqZWN00hscIiNcTlNEaWN0aW9uYXJ5oiIgXxAPTlNLZXllZEFyY2hpdmVy0SYnVHJvb3SAAQAIABEAGgAjAC0AMgA3AEAARgBNAFUAYABnAGoAbABuAHEAcwB1AHcAhACOAQgBDQEVBA0EDwQUBB8EKAQ2BDoEQQRKBE8EXARfBHEEdAR5AAAAAAAAAgEAAAAAAAAAKAAAAAAAAAAAAAAAAAAABHs=}}

@article{han07,
	Author = {Han, Jiawei and Cheng, Hong and Xin, Dong and Yan, Xifeng},
	Date-Added = {2018-05-13 09:22:04 +0000},
	Date-Modified = {2018-05-13 09:26:03 +0000},
	Journal = {Data Mining and Knowledge Discovery},
	Keywords = {mining, overview},
	Number = {1},
	Pages = {55--86},
	Title = {Frequent pattern mining: Current status and future directions},
	Volume = {15},
	Year = {2007},
	Bdsk-File-1 = {YnBsaXN0MDDUAQIDBAUGJCVYJHZlcnNpb25YJG9iamVjdHNZJGFyY2hpdmVyVCR0b3ASAAGGoKgHCBMUFRYaIVUkbnVsbNMJCgsMDxJXTlMua2V5c1pOUy5vYmplY3RzViRjbGFzc6INDoACgAOiEBGABIAFgAdccmVsYXRpdmVQYXRoWWFsaWFzRGF0YV8QRS4uLy4uL2xpdGVyYXR1cmUvcGF0dGVybl9taW5pbmcvaGFuXzIwMDdfZnJlcXVlbnRfcGF0dGVyaW5fbWluaW5nLnBkZtIXCxgZV05TLmRhdGFPEQIsAAAAAAIsAAIAAAxNYWNpbnRvc2ggSEQAAAAAAAAAAAAAAAAAAAAAAAAAQkQAAf////8faGFuXzIwMDdfZnJlcXVlbnRfI0ZGRkZGRkZGLnBkZgAAAAAAAAAAAAAAAAAAAAAAAAAAAAAAAAAAAAAAAAAA/////wAAAAAAAAAAAAAAAAACAAMAAAogY3UAAAAAAAAAAAAAAAAADnBhdHRlcm5fbWluaW5nAAIAfy86VXNlcnM6bWFyY2VscnVsYW5kOkRvY3VtZW50czpzdHVkaXVtX3BhZGVyYm9ybjpCYWNoZWxvcmFyYmVpdDpsaXRlcmF0dXJlOnBhdHRlcm5fbWluaW5nOmhhbl8yMDA3X2ZyZXF1ZW50X3BhdHRlcmluX21pbmluZy5wZGYAAA4ATAAlAGgAYQBuAF8AMgAwADAANwBfAGYAcgBlAHEAdQBlAG4AdABfAHAAYQB0AHQAZQByAGkAbgBfAG0AaQBuAGkAbgBnAC4AcABkAGYADwAaAAwATQBhAGMAaQBuAHQAbwBzAGgAIABIAEQAEgB9VXNlcnMvbWFyY2VscnVsYW5kL0RvY3VtZW50cy9zdHVkaXVtX3BhZGVyYm9ybi9CYWNoZWxvcmFyYmVpdC9saXRlcmF0dXJlL3BhdHRlcm5fbWluaW5nL2hhbl8yMDA3X2ZyZXF1ZW50X3BhdHRlcmluX21pbmluZy5wZGYAABMAAS8AABUAAgAT//8AAIAG0hscHR5aJGNsYXNzbmFtZVgkY2xhc3Nlc11OU011dGFibGVEYXRhox0fIFZOU0RhdGFYTlNPYmplY3TSGxwiI1xOU0RpY3Rpb25hcnmiIiBfEA9OU0tleWVkQXJjaGl2ZXLRJidUcm9vdIABAAgAEQAaACMALQAyADcAQABGAE0AVQBgAGcAagBsAG4AcQBzAHUAdwCEAI4A1gDbAOMDEwMVAxoDJQMuAzwDQANHA1ADVQNiA2UDdwN6A38AAAAAAAACAQAAAAAAAAAoAAAAAAAAAAAAAAAAAAADgQ==}}

@article{gogate00,
	Author = {Gogate, Lakshmi J. and Bahrick, Lorraine E. and Watson, Jilayne D.},
	Date-Added = {2018-05-13 09:18:50 +0000},
	Date-Modified = {2018-05-14 16:58:35 +0000},
	Journal = {Child Development},
	Keywords = {multimodal},
	Month = {July/August},
	Number = {4},
	Pages = {878--894},
	Title = {A study of multimodal motherese: The role of temporal synchrony between verbal labels and gestures},
	Volume = {71},
	Year = {2000},
	Bdsk-File-1 = {YnBsaXN0MDDUAQIDBAUGJCVYJHZlcnNpb25YJG9iamVjdHNZJGFyY2hpdmVyVCR0b3ASAAGGoKgHCBMUFRYaIVUkbnVsbNMJCgsMDxJXTlMua2V5c1pOUy5vYmplY3RzViRjbGFzc6INDoACgAOiEBGABIAFgAdccmVsYXRpdmVQYXRoWWFsaWFzRGF0YV8QRi4uLy4uL2xpdGVyYXR1cmUvbXVsdGltb2RhbGl0eS9Hb2dhdGVfZXRfYWwtMjAwMC1DaGlsZF9EZXZlbG9wbWVudC5wZGbSFwsYGVdOUy5kYXRhTxECMAAAAAACMAACAAAMTWFjaW50b3NoIEhEAAAAAAAAAAAAAAAAAAAAAAAAAEJEAAH/////H0dvZ2F0ZV9ldF9hbC0yMDAwLSNGRkZGRkZGRi5wZGYAAAAAAAAAAAAAAAAAAAAAAAAAAAAAAAAAAAAAAAAAAP////8AAAAAAAAAAAAAAAAAAgADAAAKIGN1AAAAAAAAAAAAAAAAAA1tdWx0aW1vZGFsaXR5AAACAIAvOlVzZXJzOm1hcmNlbHJ1bGFuZDpEb2N1bWVudHM6c3R1ZGl1bV9wYWRlcmJvcm46QmFjaGVsb3JhcmJlaXQ6bGl0ZXJhdHVyZTptdWx0aW1vZGFsaXR5OkdvZ2F0ZV9ldF9hbC0yMDAwLUNoaWxkX0RldmVsb3BtZW50LnBkZgAOAFAAJwBHAG8AZwBhAHQAZQBfAGUAdABfAGEAbAAtADIAMAAwADAALQBDAGgAaQBsAGQAXwBEAGUAdgBlAGwAbwBwAG0AZQBuAHQALgBwAGQAZgAPABoADABNAGEAYwBpAG4AdABvAHMAaAAgAEgARAASAH5Vc2Vycy9tYXJjZWxydWxhbmQvRG9jdW1lbnRzL3N0dWRpdW1fcGFkZXJib3JuL0JhY2hlbG9yYXJiZWl0L2xpdGVyYXR1cmUvbXVsdGltb2RhbGl0eS9Hb2dhdGVfZXRfYWwtMjAwMC1DaGlsZF9EZXZlbG9wbWVudC5wZGYAEwABLwAAFQACABP//wAAgAbSGxwdHlokY2xhc3NuYW1lWCRjbGFzc2VzXU5TTXV0YWJsZURhdGGjHR8gVk5TRGF0YVhOU09iamVjdNIbHCIjXE5TRGljdGlvbmFyeaIiIF8QD05TS2V5ZWRBcmNoaXZlctEmJ1Ryb290gAEACAARABoAIwAtADIANwBAAEYATQBVAGAAZwBqAGwAbgBxAHMAdQB3AIQAjgDXANwA5AMYAxoDHwMqAzMDQQNFA0wDVQNaA2cDagN8A38DhAAAAAAAAAIBAAAAAAAAACgAAAAAAAAAAAAAAAAAAAOG}}

@article{levinson16,
	Author = {Levinson, Stephen C.},
	Date-Added = {2018-05-13 09:16:29 +0000},
	Date-Modified = {2018-05-18 21:00:28 +0000},
	Journal = {Trends in Cognitive Sciences},
	Keywords = {turn-taking,overview,multimodal},
	Month = {January},
	Number = {1},
	Pages = {6--14},
	Read = {1},
	Title = {Turn-taking in human communication: Origins and implications for language processing},
	Volume = {20},
	Year = {2016},
	Bdsk-File-1 = {YnBsaXN0MDDUAQIDBAUGJCVYJHZlcnNpb25YJG9iamVjdHNZJGFyY2hpdmVyVCR0b3ASAAGGoKgHCBMUFRYaIVUkbnVsbNMJCgsMDxJXTlMua2V5c1pOUy5vYmplY3RzViRjbGFzc6INDoACgAOiEBGABIAFgAdccmVsYXRpdmVQYXRoWWFsaWFzRGF0YV8QUS4uLy4uL2xpdGVyYXR1cmUvdHVybl90YWtpbmcvbGV2aW5zb25fMjAxNl90dXJuLXRha2luZ19pbl9odW1hbl9jb21tdW5pY2F0aW9uLnBkZtIXCxgZV05TLmRhdGFPEQJgAAAAAAJgAAIAAAxNYWNpbnRvc2ggSEQAAAAAAAAAAAAAAAAAAAAAAAAAQkQAAf////8fbGV2aW5zb25fMjAxNl90dXJuI0ZGRkZGRkZGLnBkZgAAAAAAAAAAAAAAAAAAAAAAAAAAAAAAAAAAAAAAAAAA/////wAAAAAAAAAAAAAAAAACAAMAAAogY3UAAAAAAAAAAAAAAAAAC3R1cm5fdGFraW5nAAACAIsvOlVzZXJzOm1hcmNlbHJ1bGFuZDpEb2N1bWVudHM6c3R1ZGl1bV9wYWRlcmJvcm46QmFjaGVsb3JhcmJlaXQ6bGl0ZXJhdHVyZTp0dXJuX3Rha2luZzpsZXZpbnNvbl8yMDE2X3R1cm4tdGFraW5nX2luX2h1bWFuX2NvbW11bmljYXRpb24ucGRmAAAOAGoANABsAGUAdgBpAG4AcwBvAG4AXwAyADAAMQA2AF8AdAB1AHIAbgAtAHQAYQBrAGkAbgBnAF8AaQBuAF8AaAB1AG0AYQBuAF8AYwBvAG0AbQB1AG4AaQBjAGEAdABpAG8AbgAuAHAAZABmAA8AGgAMAE0AYQBjAGkAbgB0AG8AcwBoACAASABEABIAiVVzZXJzL21hcmNlbHJ1bGFuZC9Eb2N1bWVudHMvc3R1ZGl1bV9wYWRlcmJvcm4vQmFjaGVsb3JhcmJlaXQvbGl0ZXJhdHVyZS90dXJuX3Rha2luZy9sZXZpbnNvbl8yMDE2X3R1cm4tdGFraW5nX2luX2h1bWFuX2NvbW11bmljYXRpb24ucGRmAAATAAEvAAAVAAIAE///AACABtIbHB0eWiRjbGFzc25hbWVYJGNsYXNzZXNdTlNNdXRhYmxlRGF0YaMdHyBWTlNEYXRhWE5TT2JqZWN00hscIiNcTlNEaWN0aW9uYXJ5oiIgXxAPTlNLZXllZEFyY2hpdmVy0SYnVHJvb3SAAQAIABEAGgAjAC0AMgA3AEAARgBNAFUAYABnAGoAbABuAHEAcwB1AHcAhACOAOIA5wDvA1MDVQNaA2UDbgN8A4ADhwOQA5UDogOlA7cDugO/AAAAAAAAAgEAAAAAAAAAKAAAAAAAAAAAAAAAAAAAA8E=}}

@article{heldner10,
	Author = {Heldner, Matthias and Edlund, Jens},
	Date-Added = {2018-05-13 09:14:25 +0000},
	Date-Modified = {2018-05-14 16:14:34 +0000},
	Journal = {Journal of Phonetics},
	Keywords = {turn-taking,unimodal},
	Pages = {555--568},
	Title = {Pauses, gaps and overlaps in conversations},
	Volume = {38},
	Year = {2010},
	Bdsk-File-1 = {YnBsaXN0MDDUAQIDBAUGJCVYJHZlcnNpb25YJG9iamVjdHNZJGFyY2hpdmVyVCR0b3ASAAGGoKgHCBMUFRYaIVUkbnVsbNMJCgsMDxJXTlMua2V5c1pOUy5vYmplY3RzViRjbGFzc6INDoACgAOiEBGABIAFgAdccmVsYXRpdmVQYXRoWWFsaWFzRGF0YV8QXi4uLy4uL2xpdGVyYXR1cmUvdHVybl90YWtpbmcvaGVsZG5lcl9lZGx1bmRfMjAxMF9wYXVzZXNfZ2Fwc19hbmRfb3ZlcmxhcHNfaW5fY29udmVyc2F0aW9ucy5wZGbSFwsYGVdOUy5kYXRhTxECkgAAAAACkgACAAAMTWFjaW50b3NoIEhEAAAAAAAAAAAAAAAAAAAAAAAAAEJEAAH/////H2hlbGRuZXJfZWRsdW5kXzIwMSNGRkZGRkZGRi5wZGYAAAAAAAAAAAAAAAAAAAAAAAAAAAAAAAAAAAAAAAAAAP////8AAAAAAAAAAAAAAAAAAgADAAAKIGN1AAAAAAAAAAAAAAAAAAt0dXJuX3Rha2luZwAAAgCYLzpVc2VyczptYXJjZWxydWxhbmQ6RG9jdW1lbnRzOnN0dWRpdW1fcGFkZXJib3JuOkJhY2hlbG9yYXJiZWl0OmxpdGVyYXR1cmU6dHVybl90YWtpbmc6aGVsZG5lcl9lZGx1bmRfMjAxMF9wYXVzZXNfZ2Fwc19hbmRfb3ZlcmxhcHNfaW5fY29udmVyc2F0aW9ucy5wZGYADgCEAEEAaABlAGwAZABuAGUAcgBfAGUAZABsAHUAbgBkAF8AMgAwADEAMABfAHAAYQB1AHMAZQBzAF8AZwBhAHAAcwBfAGEAbgBkAF8AbwB2AGUAcgBsAGEAcABzAF8AaQBuAF8AYwBvAG4AdgBlAHIAcwBhAHQAaQBvAG4AcwAuAHAAZABmAA8AGgAMAE0AYQBjAGkAbgB0AG8AcwBoACAASABEABIAllVzZXJzL21hcmNlbHJ1bGFuZC9Eb2N1bWVudHMvc3R1ZGl1bV9wYWRlcmJvcm4vQmFjaGVsb3JhcmJlaXQvbGl0ZXJhdHVyZS90dXJuX3Rha2luZy9oZWxkbmVyX2VkbHVuZF8yMDEwX3BhdXNlc19nYXBzX2FuZF9vdmVybGFwc19pbl9jb252ZXJzYXRpb25zLnBkZgATAAEvAAAVAAIAE///AACABtIbHB0eWiRjbGFzc25hbWVYJGNsYXNzZXNdTlNNdXRhYmxlRGF0YaMdHyBWTlNEYXRhWE5TT2JqZWN00hscIiNcTlNEaWN0aW9uYXJ5oiIgXxAPTlNLZXllZEFyY2hpdmVy0SYnVHJvb3SAAQAIABEAGgAjAC0AMgA3AEAARgBNAFUAYABnAGoAbABuAHEAcwB1AHcAhACOAO8A9AD8A5IDlAOZA6QDrQO7A78DxgPPA9QD4QPkA/YD+QP+AAAAAAAAAgEAAAAAAAAAKAAAAAAAAAAAAAAAAAAABAA=}}

@article{gratier15,
	Annote = {``Materials and Methods'' section give some great ways of describing methodology},
	Author = {Gratier, Maya and Devouche, Emmanuel and Guellai, Bahia and Infanti, Rubia and Yilmaz, Ebru and Parlato-Oliveira, Erika},
	Date-Added = {2018-05-13 09:11:34 +0000},
	Date-Modified = {2018-05-14 10:49:55 +0000},
	Journal = {Frontiers in Psychology},
	Keywords = {turn-taking},
	Month = {September},
	Pages = {1--9},
	Title = {Early development of turn-taking in vocal interaction between mothers and infants},
	Volume = {6},
	Year = {2015},
	Bdsk-File-1 = {YnBsaXN0MDDUAQIDBAUGJCVYJHZlcnNpb25YJG9iamVjdHNZJGFyY2hpdmVyVCR0b3ASAAGGoKgHCBMUFRYaIVUkbnVsbNMJCgsMDxJXTlMua2V5c1pOUy5vYmplY3RzViRjbGFzc6INDoACgAOiEBGABIAFgAdccmVsYXRpdmVQYXRoWWFsaWFzRGF0YV8QhC4uLy4uL2xpdGVyYXR1cmUvdHVybl90YWtpbmcvZ3JhdGllcl9ldGFsXzIwMTVfZWFybHlfZGV2ZWxvcG1lbnRfb2ZfdHVybi10YWtpbmdfaW5fdm9jYWxfaW50ZXJhY3Rpb25fYmV0d2Vlbl9tb3RoZXJzX2FuZF9pbmZhbnRzLnBkZtIXCxgZV05TLmRhdGFPEQMqAAAAAAMqAAIAAAxNYWNpbnRvc2ggSEQAAAAAAAAAAAAAAAAAAAAAAAAAQkQAAf////8fZ3JhdGllcl9ldGFsXzIwMTVfI0ZGRkZGRkZGLnBkZgAAAAAAAAAAAAAAAAAAAAAAAAAAAAAAAAAAAAAAAAAA/////wAAAAAAAAAAAAAAAAACAAMAAAogY3UAAAAAAAAAAAAAAAAAC3R1cm5fdGFraW5nAAACAL4vOlVzZXJzOm1hcmNlbHJ1bGFuZDpEb2N1bWVudHM6c3R1ZGl1bV9wYWRlcmJvcm46QmFjaGVsb3JhcmJlaXQ6bGl0ZXJhdHVyZTp0dXJuX3Rha2luZzpncmF0aWVyX2V0YWxfMjAxNV9lYXJseV9kZXZlbG9wbWVudF9vZl90dXJuLXRha2luZ19pbl92b2NhbF9pbnRlcmFjdGlvbl9iZXR3ZWVuX21vdGhlcnNfYW5kX2luZmFudHMucGRmAA4A0ABnAGcAcgBhAHQAaQBlAHIAXwBlAHQAYQBsAF8AMgAwADEANQBfAGUAYQByAGwAeQBfAGQAZQB2AGUAbABvAHAAbQBlAG4AdABfAG8AZgBfAHQAdQByAG4ALQB0AGEAawBpAG4AZwBfAGkAbgBfAHYAbwBjAGEAbABfAGkAbgB0AGUAcgBhAGMAdABpAG8AbgBfAGIAZQB0AHcAZQBlAG4AXwBtAG8AdABoAGUAcgBzAF8AYQBuAGQAXwBpAG4AZgBhAG4AdABzAC4AcABkAGYADwAaAAwATQBhAGMAaQBuAHQAbwBzAGgAIABIAEQAEgC8VXNlcnMvbWFyY2VscnVsYW5kL0RvY3VtZW50cy9zdHVkaXVtX3BhZGVyYm9ybi9CYWNoZWxvcmFyYmVpdC9saXRlcmF0dXJlL3R1cm5fdGFraW5nL2dyYXRpZXJfZXRhbF8yMDE1X2Vhcmx5X2RldmVsb3BtZW50X29mX3R1cm4tdGFraW5nX2luX3ZvY2FsX2ludGVyYWN0aW9uX2JldHdlZW5fbW90aGVyc19hbmRfaW5mYW50cy5wZGYAEwABLwAAFQACABP//wAAgAbSGxwdHlokY2xhc3NuYW1lWCRjbGFzc2VzXU5TTXV0YWJsZURhdGGjHR8gVk5TRGF0YVhOU09iamVjdNIbHCIjXE5TRGljdGlvbmFyeaIiIF8QD05TS2V5ZWRBcmNoaXZlctEmJ1Ryb290gAEACAARABoAIwAtADIANwBAAEYATQBVAGAAZwBqAGwAbgBxAHMAdQB3AIQAjgEVARoBIgRQBFIEVwRiBGsEeQR9BIQEjQSSBJ8EogS0BLcEvAAAAAAAAAIBAAAAAAAAACgAAAAAAAAAAAAAAAAAAAS+}}

@article{freud16,
	Author = {Freud, Debora and Moria, Libat and Ezrati-Vinacour, Ruth and Amir, Ofer},
	Date-Added = {2018-05-13 09:09:20 +0000},
	Date-Modified = {2018-05-18 21:03:30 +0000},
	Journal = {Journal of Developmental and Physical Disabilities},
	Keywords = {turn-taking,unimodal},
	Pages = {509--522},
	Read = {1},
	Title = {Turn-taking behaviors during interaction with adults-who-stutter},
	Volume = {28},
	Year = {2016},
	Bdsk-File-1 = {YnBsaXN0MDDUAQIDBAUGJCVYJHZlcnNpb25YJG9iamVjdHNZJGFyY2hpdmVyVCR0b3ASAAGGoKgHCBMUFRYaIVUkbnVsbNMJCgsMDxJXTlMua2V5c1pOUy5vYmplY3RzViRjbGFzc6INDoACgAOiEBGABIAFgAdccmVsYXRpdmVQYXRoWWFsaWFzRGF0YV8QcS4uLy4uL2xpdGVyYXR1cmUvdHVybl90YWtpbmcvZnJldWRfZXRhbF8yMDE2X3R1cm4tdGFraW5nX2JlaGF2aW9yc19kdXJpbmdfaW50ZXJhY3Rpb25fd2l0aF9hZHVsdHMtd2hvLXN0dXR0ZXIucGRm0hcLGBlXTlMuZGF0YU8RAuAAAAAAAuAAAgAADE1hY2ludG9zaCBIRAAAAAAAAAAAAAAAAAAAAAAAAABCRAAB/////x9mcmV1ZF9ldGFsXzIwMTZfdHUjRkZGRkZGRkYucGRmAAAAAAAAAAAAAAAAAAAAAAAAAAAAAAAAAAAAAAAAAAD/////AAAAAAAAAAAAAAAAAAIAAwAACiBjdQAAAAAAAAAAAAAAAAALdHVybl90YWtpbmcAAAIAqy86VXNlcnM6bWFyY2VscnVsYW5kOkRvY3VtZW50czpzdHVkaXVtX3BhZGVyYm9ybjpCYWNoZWxvcmFyYmVpdDpsaXRlcmF0dXJlOnR1cm5fdGFraW5nOmZyZXVkX2V0YWxfMjAxNl90dXJuLXRha2luZ19iZWhhdmlvcnNfZHVyaW5nX2ludGVyYWN0aW9uX3dpdGhfYWR1bHRzLXdoby1zdHV0dGVyLnBkZgAADgCqAFQAZgByAGUAdQBkAF8AZQB0AGEAbABfADIAMAAxADYAXwB0AHUAcgBuAC0AdABhAGsAaQBuAGcAXwBiAGUAaABhAHYAaQBvAHIAcwBfAGQAdQByAGkAbgBnAF8AaQBuAHQAZQByAGEAYwB0AGkAbwBuAF8AdwBpAHQAaABfAGEAZAB1AGwAdABzAC0AdwBoAG8ALQBzAHQAdQB0AHQAZQByAC4AcABkAGYADwAaAAwATQBhAGMAaQBuAHQAbwBzAGgAIABIAEQAEgCpVXNlcnMvbWFyY2VscnVsYW5kL0RvY3VtZW50cy9zdHVkaXVtX3BhZGVyYm9ybi9CYWNoZWxvcmFyYmVpdC9saXRlcmF0dXJlL3R1cm5fdGFraW5nL2ZyZXVkX2V0YWxfMjAxNl90dXJuLXRha2luZ19iZWhhdmlvcnNfZHVyaW5nX2ludGVyYWN0aW9uX3dpdGhfYWR1bHRzLXdoby1zdHV0dGVyLnBkZgAAEwABLwAAFQACABP//wAAgAbSGxwdHlokY2xhc3NuYW1lWCRjbGFzc2VzXU5TTXV0YWJsZURhdGGjHR8gVk5TRGF0YVhOU09iamVjdNIbHCIjXE5TRGljdGlvbmFyeaIiIF8QD05TS2V5ZWRBcmNoaXZlctEmJ1Ryb290gAEACAARABoAIwAtADIANwBAAEYATQBVAGAAZwBqAGwAbgBxAHMAdQB3AIQAjgECAQcBDwPzA/UD+gQFBA4EHAQgBCcEMAQ1BEIERQRXBFoEXwAAAAAAAAIBAAAAAAAAACgAAAAAAAAAAAAAAAAAAARh}}

@article{casillas16,
	Author = {Casillas, Marisa and Bobb, Susan C. and Clark, Eve V.},
	Date-Added = {2018-05-13 09:07:00 +0000},
	Date-Modified = {2018-05-14 10:23:20 +0000},
	Journal = {Journal of Child Language},
	Keywords = {turn-taking,unimodal},
	Pages = {1310--1337},
	Title = {Turn-taking, timing, and planning in early language acquisition},
	Volume = {43},
	Year = {2016},
	Bdsk-File-1 = {YnBsaXN0MDDUAQIDBAUGJCVYJHZlcnNpb25YJG9iamVjdHNZJGFyY2hpdmVyVCR0b3ASAAGGoKgHCBMUFRYaIVUkbnVsbNMJCgsMDxJXTlMua2V5c1pOUy5vYmplY3RzViRjbGFzc6INDoACgAOiEBGABIAFgAdccmVsYXRpdmVQYXRoWWFsaWFzRGF0YV8QcS4uLy4uL2xpdGVyYXR1cmUvdHVybl90YWtpbmcvY2FzaWxsYXNfZXRhbF8yMDE2X3R1cm4tdGFraW5nX3BsYW5uaW5nX2FuZF90aW1pbmdfaW5fZWFybHlfbGFuZ3VhZ2VfYWNxdWlzaXRpb24ucGRm0hcLGBlXTlMuZGF0YU8RAuAAAAAAAuAAAgAADE1hY2ludG9zaCBIRAAAAAAAAAAAAAAAAAAAAAAAAABCRAAB/////x9jYXNpbGxhc19ldGFsXzIwMTYjRkZGRkZGRkYucGRmAAAAAAAAAAAAAAAAAAAAAAAAAAAAAAAAAAAAAAAAAAD/////AAAAAAAAAAAAAAAAAAIAAwAACiBjdQAAAAAAAAAAAAAAAAALdHVybl90YWtpbmcAAAIAqy86VXNlcnM6bWFyY2VscnVsYW5kOkRvY3VtZW50czpzdHVkaXVtX3BhZGVyYm9ybjpCYWNoZWxvcmFyYmVpdDpsaXRlcmF0dXJlOnR1cm5fdGFraW5nOmNhc2lsbGFzX2V0YWxfMjAxNl90dXJuLXRha2luZ19wbGFubmluZ19hbmRfdGltaW5nX2luX2Vhcmx5X2xhbmd1YWdlX2FjcXVpc2l0aW9uLnBkZgAADgCqAFQAYwBhAHMAaQBsAGwAYQBzAF8AZQB0AGEAbABfADIAMAAxADYAXwB0AHUAcgBuAC0AdABhAGsAaQBuAGcAXwBwAGwAYQBuAG4AaQBuAGcAXwBhAG4AZABfAHQAaQBtAGkAbgBnAF8AaQBuAF8AZQBhAHIAbAB5AF8AbABhAG4AZwB1AGEAZwBlAF8AYQBjAHEAdQBpAHMAaQB0AGkAbwBuAC4AcABkAGYADwAaAAwATQBhAGMAaQBuAHQAbwBzAGgAIABIAEQAEgCpVXNlcnMvbWFyY2VscnVsYW5kL0RvY3VtZW50cy9zdHVkaXVtX3BhZGVyYm9ybi9CYWNoZWxvcmFyYmVpdC9saXRlcmF0dXJlL3R1cm5fdGFraW5nL2Nhc2lsbGFzX2V0YWxfMjAxNl90dXJuLXRha2luZ19wbGFubmluZ19hbmRfdGltaW5nX2luX2Vhcmx5X2xhbmd1YWdlX2FjcXVpc2l0aW9uLnBkZgAAEwABLwAAFQACABP//wAAgAbSGxwdHlokY2xhc3NuYW1lWCRjbGFzc2VzXU5TTXV0YWJsZURhdGGjHR8gVk5TRGF0YVhOU09iamVjdNIbHCIjXE5TRGljdGlvbmFyeaIiIF8QD05TS2V5ZWRBcmNoaXZlctEmJ1Ryb290gAEACAARABoAIwAtADIANwBAAEYATQBVAGAAZwBqAGwAbgBxAHMAdQB3AIQAjgECAQcBDwPzA/UD+gQFBA4EHAQgBCcEMAQ1BEIERQRXBFoEXwAAAAAAAAIBAAAAAAAAACgAAAAAAAAAAAAAAAAAAARh}}

@article{stivers09,
	Author = {Stivers, Tanya and Enfield, N.~J. and Brown, Penelope and Englert, Christina and Hayashi, Makoto and Heinemann, Trine and Hoymann, Gertie and Rossano, Federico and de Ruiter, Jan Peter and Yoon, Kyung-Eun and Levinson, Stephen C.},
	Date-Added = {2018-05-13 08:36:30 +0000},
	Date-Modified = {2018-05-14 16:22:58 +0000},
	Journal = {Proceedings of the National Academy of Sciences},
	Keywords = {turn-taking,multimodal},
	Number = {26},
	Pages = {10587-- 10592},
	Read = {0},
	Title = {Universals and cultural variation in turn-taking in conversation},
	Volume = {106},
	Year = {2009},
	Bdsk-File-1 = {YnBsaXN0MDDUAQIDBAUGJCVYJHZlcnNpb25YJG9iamVjdHNZJGFyY2hpdmVyVCR0b3ASAAGGoKgHCBMUFRYaIVUkbnVsbNMJCgsMDxJXTlMua2V5c1pOUy5vYmplY3RzViRjbGFzc6INDoACgAOiEBGABIAFgAdccmVsYXRpdmVQYXRoWWFsaWFzRGF0YV8Qby4uLy4uL2xpdGVyYXR1cmUvdHVybl90YWtpbmcvc3RpdmVyc19ldF9hbF91bml2ZXJzYWxzX2FuZF9jdWx0dXJhbF92YXJpYXRpb25faW5fdHVybi10YWtpbmdfaW5fY29udmVyc2F0aW9uLnBkZtIXCxgZV05TLmRhdGFPEQLYAAAAAALYAAIAAAxNYWNpbnRvc2ggSEQAAAAAAAAAAAAAAAAAAAAAAAAAQkQAAf////8fc3RpdmVyc19ldF9hbF91bml2I0ZGRkZGRkZGLnBkZgAAAAAAAAAAAAAAAAAAAAAAAAAAAAAAAAAAAAAAAAAA/////wAAAAAAAAAAAAAAAAACAAMAAAogY3UAAAAAAAAAAAAAAAAAC3R1cm5fdGFraW5nAAACAKkvOlVzZXJzOm1hcmNlbHJ1bGFuZDpEb2N1bWVudHM6c3R1ZGl1bV9wYWRlcmJvcm46QmFjaGVsb3JhcmJlaXQ6bGl0ZXJhdHVyZTp0dXJuX3Rha2luZzpzdGl2ZXJzX2V0X2FsX3VuaXZlcnNhbHNfYW5kX2N1bHR1cmFsX3ZhcmlhdGlvbl9pbl90dXJuLXRha2luZ19pbl9jb252ZXJzYXRpb24ucGRmAAAOAKYAUgBzAHQAaQB2AGUAcgBzAF8AZQB0AF8AYQBsAF8AdQBuAGkAdgBlAHIAcwBhAGwAcwBfAGEAbgBkAF8AYwB1AGwAdAB1AHIAYQBsAF8AdgBhAHIAaQBhAHQAaQBvAG4AXwBpAG4AXwB0AHUAcgBuAC0AdABhAGsAaQBuAGcAXwBpAG4AXwBjAG8AbgB2AGUAcgBzAGEAdABpAG8AbgAuAHAAZABmAA8AGgAMAE0AYQBjAGkAbgB0AG8AcwBoACAASABEABIAp1VzZXJzL21hcmNlbHJ1bGFuZC9Eb2N1bWVudHMvc3R1ZGl1bV9wYWRlcmJvcm4vQmFjaGVsb3JhcmJlaXQvbGl0ZXJhdHVyZS90dXJuX3Rha2luZy9zdGl2ZXJzX2V0X2FsX3VuaXZlcnNhbHNfYW5kX2N1bHR1cmFsX3ZhcmlhdGlvbl9pbl90dXJuLXRha2luZ19pbl9jb252ZXJzYXRpb24ucGRmAAATAAEvAAAVAAIAE///AACABtIbHB0eWiRjbGFzc25hbWVYJGNsYXNzZXNdTlNNdXRhYmxlRGF0YaMdHyBWTlNEYXRhWE5TT2JqZWN00hscIiNcTlNEaWN0aW9uYXJ5oiIgXxAPTlNLZXllZEFyY2hpdmVy0SYnVHJvb3SAAQAIABEAGgAjAC0AMgA3AEAARgBNAFUAYABnAGoAbABuAHEAcwB1AHcAhACOAQABBQENA+kD6wPwA/sEBAQSBBYEHQQmBCsEOAQ7BE0EUARVAAAAAAAAAgEAAAAAAAAAKAAAAAAAAAAAAAAAAAAABFc=}}

@book{cairo13,
	Author = {Cairo, Alberto},
	Date-Added = {2018-05-10 10:49:40 +0000},
	Date-Modified = {2018-05-18 21:01:44 +0000},
	Keywords = {visualisation},
	Publisher = {San Francisco: New Riders},
	Read = {1},
	Title = {The functional art},
	Year = {2013}}

@article{wittenburg06,
	Author = {Wittenburg, P. and Brugman, H. and Russel, A. and Klassmann, A. and Sloetjes, H.},
	Date-Added = {2018-05-04 16:08:23 +0000},
	Date-Modified = {2018-05-18 21:02:42 +0000},
	Journal = {Proceedings of LREC 2006, Fifth International Conference on Language Resources and Evaluation},
	Keywords = {software},
	Title = {ELAN: A professional framework for multimodality research},
	Year = {2006}}

@article{abuzhaya17,
	Annote = {interesting methodology: create null distribution to establish significance},
	Author = {Abu-Zhaya, Rana and Seidl, Amanda},
	Date-Added = {2018-05-02 19:21:58 +0000},
	Date-Modified = {2018-05-14 17:00:29 +0000},
	Journal = {Journal of Child Language},
	Keywords = {method,multimodal},
	Number = {5},
	Pages = {1088--1116},
	Read = {1},
	Title = {Multimodal infant-directed communication: How caregivers combine tactile and linguistic cues},
	Volume = {44},
	Year = {2017},
	Bdsk-File-1 = {YnBsaXN0MDDUAQIDBAUGJCVYJHZlcnNpb25YJG9iamVjdHNZJGFyY2hpdmVyVCR0b3ASAAGGoKgHCBMUFRYaIVUkbnVsbNMJCgsMDxJXTlMua2V5c1pOUy5vYmplY3RzViRjbGFzc6INDoACgAOiEBGABIAFgAdccmVsYXRpdmVQYXRoWWFsaWFzRGF0YV8QWC4uLy4uL2xpdGVyYXR1cmUvbWV0aG9kL2FidS16aGF5YV9ldGFsXzIwMTdfbXVsdGltb2RhbF9pbmZhbnQtZGlyZWN0ZWRfY29tbXVuaWNhdGlvbi5wZGbSFwsYGVdOUy5kYXRhTxECfgAAAAACfgACAAAMTWFjaW50b3NoIEhEAAAAAAAAAAAAAAAAAAAAAAAAAEJEAAH/////H2FidS16aGF5YV9ldGFsXzIwMSNGRkZGRkZGRi5wZGYAAAAAAAAAAAAAAAAAAAAAAAAAAAAAAAAAAAAAAAAAAP////8AAAAAAAAAAAAAAAAAAgADAAAKIGN1AAAAAAAAAAAAAAAAAAZtZXRob2QAAgCSLzpVc2VyczptYXJjZWxydWxhbmQ6RG9jdW1lbnRzOnN0dWRpdW1fcGFkZXJib3JuOkJhY2hlbG9yYXJiZWl0OmxpdGVyYXR1cmU6bWV0aG9kOmFidS16aGF5YV9ldGFsXzIwMTdfbXVsdGltb2RhbF9pbmZhbnQtZGlyZWN0ZWRfY29tbXVuaWNhdGlvbi5wZGYADgCCAEAAYQBiAHUALQB6AGgAYQB5AGEAXwBlAHQAYQBsAF8AMgAwADEANwBfAG0AdQBsAHQAaQBtAG8AZABhAGwAXwBpAG4AZgBhAG4AdAAtAGQAaQByAGUAYwB0AGUAZABfAGMAbwBtAG0AdQBuAGkAYwBhAHQAaQBvAG4ALgBwAGQAZgAPABoADABNAGEAYwBpAG4AdABvAHMAaAAgAEgARAASAJBVc2Vycy9tYXJjZWxydWxhbmQvRG9jdW1lbnRzL3N0dWRpdW1fcGFkZXJib3JuL0JhY2hlbG9yYXJiZWl0L2xpdGVyYXR1cmUvbWV0aG9kL2FidS16aGF5YV9ldGFsXzIwMTdfbXVsdGltb2RhbF9pbmZhbnQtZGlyZWN0ZWRfY29tbXVuaWNhdGlvbi5wZGYAEwABLwAAFQACABP//wAAgAbSGxwdHlokY2xhc3NuYW1lWCRjbGFzc2VzXU5TTXV0YWJsZURhdGGjHR8gVk5TRGF0YVhOU09iamVjdNIbHCIjXE5TRGljdGlvbmFyeaIiIF8QD05TS2V5ZWRBcmNoaXZlctEmJ1Ryb290gAEACAARABoAIwAtADIANwBAAEYATQBVAGAAZwBqAGwAbgBxAHMAdQB3AIQAjgDpAO4A9gN4A3oDfwOKA5MDoQOlA6wDtQO6A8cDygPcA98D5AAAAAAAAAIBAAAAAAAAACgAAAAAAAAAAAAAAAAAAAPm}}

@book{han12,
	Author = {Han, Jiawei and Kamber, Micheline and Pei, Jian},
	Date-Added = {2018-04-19 23:18:50 +0000},
	Date-Modified = {2018-05-18 21:02:16 +0000},
	Edition = {3rd},
	Keywords = {mining},
	Publisher = {Waltman: Morgan Kaufmann},
	Title = {Data mining: Concepts and techniques},
	Year = {2012},
	Bdsk-File-1 = {YnBsaXN0MDDUAQIDBAUGJCVYJHZlcnNpb25YJG9iamVjdHNZJGFyY2hpdmVyVCR0b3ASAAGGoKgHCBMUFRYaIVUkbnVsbNMJCgsMDxJXTlMua2V5c1pOUy5vYmplY3RzViRjbGFzc6INDoACgAOiEBGABIAFgAdccmVsYXRpdmVQYXRoWWFsaWFzRGF0YV8QOC4uLy4uL2xpdGVyYXR1cmUvcGF0dGVybl9taW5pbmcvaGFuXzIwMTJfZGF0YV9taW5pbmcucGRm0hcLGBlXTlMuZGF0YU8RAfYAAAAAAfYAAgAADE1hY2ludG9zaCBIRAAAAAAAAAAAAAAAAAAAAAAAAABCRAAB/////xhoYW5fMjAxMl9kYXRhX21pbmluZy5wZGYAAAAAAAAAAAAAAAAAAAAAAAAAAAAAAAAAAAAAAAAAAAAAAAAAAAD/////AAAAAAAAAAAAAAAAAAIAAwAACiBjdQAAAAAAAAAAAAAAAAAOcGF0dGVybl9taW5pbmcAAgByLzpVc2VyczptYXJjZWxydWxhbmQ6RG9jdW1lbnRzOnN0dWRpdW1fcGFkZXJib3JuOkJhY2hlbG9yYXJiZWl0OmxpdGVyYXR1cmU6cGF0dGVybl9taW5pbmc6aGFuXzIwMTJfZGF0YV9taW5pbmcucGRmAA4AMgAYAGgAYQBuAF8AMgAwADEAMgBfAGQAYQB0AGEAXwBtAGkAbgBpAG4AZwAuAHAAZABmAA8AGgAMAE0AYQBjAGkAbgB0AG8AcwBoACAASABEABIAcFVzZXJzL21hcmNlbHJ1bGFuZC9Eb2N1bWVudHMvc3R1ZGl1bV9wYWRlcmJvcm4vQmFjaGVsb3JhcmJlaXQvbGl0ZXJhdHVyZS9wYXR0ZXJuX21pbmluZy9oYW5fMjAxMl9kYXRhX21pbmluZy5wZGYAEwABLwAAFQACABP//wAAgAbSGxwdHlokY2xhc3NuYW1lWCRjbGFzc2VzXU5TTXV0YWJsZURhdGGjHR8gVk5TRGF0YVhOU09iamVjdNIbHCIjXE5TRGljdGlvbmFyeaIiIF8QD05TS2V5ZWRBcmNoaXZlctEmJ1Ryb290gAEACAARABoAIwAtADIANwBAAEYATQBVAGAAZwBqAGwAbgBxAHMAdQB3AIQAjgDJAM4A1gLQAtIC1wLiAusC+QL9AwQDDQMSAx8DIgM0AzcDPAAAAAAAAAIBAAAAAAAAACgAAAAAAAAAAAAAAAAAAAM+}}

@article{rohlfing18,
	Author = {Rohlfing, Katharina and Leonardi, Giuseppe and H{\"u}llermeier, Eyke and Raczaszek-Leonardi, Johanna and Nomikou, Iris},
	Date-Added = {2018-02-15 22:05:45 +0000},
	Date-Modified = {2018-05-18 20:44:36 +0000},
	Journal = {IEEE Transactions on Cognitive and Developmental Systems},
	Keywords = {turn-taking,multimodal,mining,method},
	Read = {1},
	Title = {Multimodal turn-taking: Motivations, methodical challenges and first approaches},
	Year = {under review},
	Bdsk-File-1 = {YnBsaXN0MDDUAQIDBAUGJCVYJHZlcnNpb25YJG9iamVjdHNZJGFyY2hpdmVyVCR0b3ASAAGGoKgHCBMUFRYaIVUkbnVsbNMJCgsMDxJXTlMua2V5c1pOUy5vYmplY3RzViRjbGFzc6INDoACgAOiEBGABIAFgAdccmVsYXRpdmVQYXRoWWFsaWFzRGF0YV8QSy4uLy4uL2xpdGVyYXR1cmUvdHVybl90YWtpbmcvcm9obGZpbmdfZXRfYWxfMjAxOF9tdWx0aW1vZGFsX3R1cm4tdGFraW5nLnBkZtIXCxgZV05TLmRhdGFPEQJIAAAAAAJIAAIAAAxNYWNpbnRvc2ggSEQAAAAAAAAAAAAAAAAAAAAAAAAAQkQAAf////8fcm9obGZpbmdfZXRfYWxfMjAxI0ZGRkZGRkZGLnBkZgAAAAAAAAAAAAAAAAAAAAAAAAAAAAAAAAAAAAAAAAAA/////wAAAAAAAAAAAAAAAAACAAMAAAogY3UAAAAAAAAAAAAAAAAAC3R1cm5fdGFraW5nAAACAIUvOlVzZXJzOm1hcmNlbHJ1bGFuZDpEb2N1bWVudHM6c3R1ZGl1bV9wYWRlcmJvcm46QmFjaGVsb3JhcmJlaXQ6bGl0ZXJhdHVyZTp0dXJuX3Rha2luZzpyb2hsZmluZ19ldF9hbF8yMDE4X211bHRpbW9kYWxfdHVybi10YWtpbmcucGRmAAAOAF4ALgByAG8AaABsAGYAaQBuAGcAXwBlAHQAXwBhAGwAXwAyADAAMQA4AF8AbQB1AGwAdABpAG0AbwBkAGEAbABfAHQAdQByAG4ALQB0AGEAawBpAG4AZwAuAHAAZABmAA8AGgAMAE0AYQBjAGkAbgB0AG8AcwBoACAASABEABIAg1VzZXJzL21hcmNlbHJ1bGFuZC9Eb2N1bWVudHMvc3R1ZGl1bV9wYWRlcmJvcm4vQmFjaGVsb3JhcmJlaXQvbGl0ZXJhdHVyZS90dXJuX3Rha2luZy9yb2hsZmluZ19ldF9hbF8yMDE4X211bHRpbW9kYWxfdHVybi10YWtpbmcucGRmAAATAAEvAAAVAAIAE///AACABtIbHB0eWiRjbGFzc25hbWVYJGNsYXNzZXNdTlNNdXRhYmxlRGF0YaMdHyBWTlNEYXRhWE5TT2JqZWN00hscIiNcTlNEaWN0aW9uYXJ5oiIgXxAPTlNLZXllZEFyY2hpdmVy0SYnVHJvb3SAAQAIABEAGgAjAC0AMgA3AEAARgBNAFUAYABnAGoAbABuAHEAcwB1AHcAhACOANwA4QDpAzUDNwM8A0cDUANeA2IDaQNyA3cDhAOHA5kDnAOhAAAAAAAAAgEAAAAAAAAAKAAAAAAAAAAAAAAAAAAAA6M=}}

@comment{BibDesk Static Groups{
<?xml version="1.0" encoding="UTF-8"?>
<!DOCTYPE plist PUBLIC "-//Apple//DTD PLIST 1.0//EN" "http://www.apple.com/DTDs/PropertyList-1.0.dtd">
<plist version="1.0">
<array>
	<dict>
		<key>group name</key>
		<string>not in use</string>
		<key>keys</key>
		<string>clarkson85,clarkson88,frost17,gogate00,klemettinen94,laming68,luce86,moore16,teichner72,teichner74,welford80</string>
	</dict>
</array>
</plist>
}}
